2258 3089
520 201 603 251 [ρο
810 219 814 230 v
989 183 1298 234 IEREMIAE
1335 182 1524 233 LOSSlI

527 285 587 340 Et
612 282 674 331 ita
701 281 839 331 simul
868 283 1175 347 praeputium
1204 283 1344 349 super
1371 281 1598 350 glandem
1627 280 1969 347 producebant.
2041 285 2126 332 Po·
2178 342 2186 346 ‚

527 351 623 399 stea
652 348 929 413 particulam
969 349 1115 405 illam.
1143 352 1330 414 (quam,
1355 366 1417 399 ne
1446 348 1630 411 doleat,
1658 348 1821 399 fricare
1853 350 1983 414 prius
2015 347 2134 399 sole·

527 415 667 474 bant)
693 415 828 478 supra
856 414 1083 480 glandem
1111 414 1411 480 produstam,
1429 418 1619 465 cultello
1644 414 2056 482 praescindebant,
2083 426 2137 465 ut

530 486 664 548 glans
692 483 870 530 nudata
893 493 1205 545 permaneret.
1246 482 1344 547 Qi
1366 482 1502 533 aetus
1525 493 1620 531 erat
1644 481 1904 532 essentialis.
1976 482 2135 531 Poste-

527 550 668 597 riores
696 563 858 596 autem
894 548 1186 596 addiderunt
1221 548 1445 612 deinceps
1487 553 1664 608 Πνῆεὶ,
1691 548 1770 597 seu
1796 549 2135 597 denudationem.

529 632 547 663 s
567 632 596 664 c
616 633 700 663 HM
719 632 726 659 ι
747 631 777 662 1)
797 635 804 658 ι
825 630 885 661 vs
920 613 977 671 f)
1005 613 1269 673 existimat,
1305 631 1415 664 curn
1444 615 1721 663 Christianis
1757 631 1860 664 eam
1896 612 2135 675 incepisse,

528 696 589 729 ne
622 679 803 741 possent
829 682 1033 744 amplius
1063 680 1301 730 adducere
1336 681 1643 745 praeputium
1667 680 1854 740 ludaei,
1878 678 2136 729 Christiani

528 745 657 797 facti.
731 745 1102 810 Disrumpebant
1126 758 1288 796 autem
1318 745 1643 796 membranam
1669 757 1891 804 tenuem,
1917 761 2042 810 quae
2067 744 2136 794 est

528 812 650 870 infra
678 812 966 877 pelliculam,
985 829 1169 878 ungue,
1188 824 1231 862 et
1257 813 1508 862 retrorsum
1538 813 1838 878 praeputium
1867 810 2133 874 trahebant,

530 890 583 936 ut
608 889 752 942 caput
776 878 975 927 membri
1004 881 1194 943 penitus
1209 879 1547 928 denudaretur.
1612 877 1705 926 Vbi
1730 877 1968 927 necessum
1988 876 2142 936 est,ut

527 946 686 1008 aliqua
722 945 961 1006 praeputii
1001 961 1105 1007 pars
1136 943 1256 991 circa
1289 943 1519 1007 glandem
1556 942 1801 1000 manserit,
1834 942 1923 991 alia
1950 942 2009 990 ad
2045 957 2137 1007 pu·

526 1009 634 1060 bem
676 1007 919 1057 secesserit.
983 1007 987 1010 ’

658 1080 701 1133 §.
741 1088 780 1131 ς.
821 1077 959 1122 Plura
982 1073 1043 1123 de
1069 1071 1423 1123 circumcisione
1459 1090 1557 1122 non
1585 1072 1771 1132 addam,
1793 1072 1907 1139 quia
1932 1072 2050 1122 haec
2073 1071 2134 1123 ad

526 1140 723 1205 scopum
749 1155 913 1189 meum
941 1137 1339 1197 sufficiunt3vide
1368 1139 1514 1189 fusius
1539 1158 1564 1188 B
1582 1157 1651 1188 vx
1669 1158 1741 1188 ro
1759 1158 1963 1189 ιιι-ινιτ,
1992 1144 2050 1205 g)
2069 1141 2136 1189 V-

527 1208 693 1255 nicum
715 1217 876 1254 tamen
900 1221 1002 1253 non
1027 1204 1230 1269 possum,
1252 1205 1385 1270 quin,
1403 1208 1455 1259 ὠς
1477 1208 1521 1254 ἐν
1543 1202 1743 1273 vuffa),
1768 1205 2010 1271 attingam.
2071 1209 2137 1252 De

529 1274 689 1320 cultello
725 1271 895 1321 scilicet
920 1273 1235 1333 circumcifionis
1258 1272 1314 1319 lis
1349 1273 1418 1320 est
1443 1273 1562 1321 inter
1587 1273 1797 1321 eruditos
1813 1311 1825 1329 ,
1850 1290 1905 1319 an
1941 1272 2133 1337 lapideus

518 1339 682 1399 fuerat,
701 1356 774 1385 nec
798 1341 882 1387 ne?r
916 1337 1068 1389 Multi
1088 1337 1142 1386 in
1163 1340 1272 1386 loco
1297 1339 1448 1401 Iosuae,
1470 1338 1609 1402 supra
1631 1337 1688 1399 h)
1716 1338 1807 1386 add
1817 1337 1944 1397 ueto,
1962 1338 2135 1401 gladio·

528 1405 594 1452 lor
611 1402 777 1466 saxeos,
793 1415 1048 1470 exponunt
1074 1421 1155 1468 per
1179 1419 1335 1453 acutos.
1398 1405 1490 1453 Alii
1515 1416 1672 1453 tamen
1708 1413 1901 1453 vertunt
1923 1420 2011 1468 per*
2032 1421 2131 1451 acu-

523 1485 611 1517 tam
631 1486 807 1534 petram.
871 1470 971 1535 Qui
996 1470 1056 1519 de
1085 1469 1288 1519 filicibus
1314 1479 1359 1520 et
1381 1469 1618 1534 lapidibus
1644 1469 2016 1536 intelligendum
2038 1486 2132 1534 pu-

521 1544 641 1598 tant,
653 1553 709 1587 eo
725 1537 851 1586 luam
867 1536 1059 1602 palliare
1075 1535 1263 1599 possunt
1279 1537 1574 1596 sententiam,
1587 1537 1720 1601 quod
1736 1534 2135 1601 lapidesscumpriv

521 1602 610 1652 mis
625 1604 677 1651 in
697 1603 1003 1667 amputandis
1018 1602 1213 1651 testibus
1228 1618 1271 1652 et
1288 1619 1413 1666 pene
1428 1602 1792 1658 adhibebantur,
1807 1602 1920 1668 quia
1937 1601 2132 1651 salubris

520 1667 642 1717 haec
674 1669 972 1731 amputatio„
1025 1670 1180 1726 Nam,
1210 1669 1344 1731 quod
1380 1685 1645 1717 pnrurvs
1681 1669 1739 1730 i)
1759 1668 1823 1718 de·
1852 1672 1995 1715 Samia
2028 1669 2128 1731 testa

525 1733 666 1791 dicit,
692 1733 826 1799 quod
861 1737 988 1782 aliter
1019 1740 1128 1781 citra
1144 1741 1397 1798 perniciem,
1427 1750 1574 1799 quarn
1604 1750 1714 1782 cum
1740 1734 1843 1793 illa,
1866 1737 2016 1782 virilia
2043 1751 2128 1781 non

525 1815 814 1864 amputentur,
834 1799 886 1848 id
909 1799 974 1848 de
995 1798 1221 1849 omnibus
1243 1799 1480 1864 lapidibus
1504 1799 1708 1865 intelligi
1734 1796 1932 1865 quoque
1957 1800 2127 1865 potest.

525 1863 677 1934 Qod'
700 1867 834 1915 enim
870 1864 1272 1929 lapides-,propter
1306 1865 1618 1929 refrigerandi
1656 1876 1801 1931 atque
1823 1864 2127 1932 abstergendi

526 1945 741 1995 virtutes,
759 1947 859 1980 non
876 1930 1020 1979 modo
1038 1946 1142 1980 non·
1163 1930 1455 1995 exasperent,
1469 1947 1639 1979 verum
1653 1931 1838 1980 leniant
1859 1948 2059 1998 quoque
2073 1941 2121 1981 et

527 1996 832 2062 summopere
859 1997 1093 2062 mitigent.
1113 1997 1239 2046 testis
1263 1998 1329 2045 est
1354 2014 1596 2047 GALENVS.
1633 1997 1687 2049 k>
1758 1998 1973 2063 Imoque,
1993 1997 2127 2063 quod

523 2078 677 2128 magis
704 2065 794 2119 est,
823 2067 934 2111 tales
961 2063 1168 2119 cultelli,
1191 2078 1217 2111 e
1240 2062 1363 2112 silice
1394 2064 1606 2127 expolito
1631 2062 1691 2110 ad
1717 2063 2125 2114 circumcisionem

516 2128 574 2178 ab
602 2131 769 2177 incolis
801 2140 946 2179 terrae
978 2127 1285 2178 occidentalis
1318 2128 1460 2187 fasti,
1500 2130 1613 2177 olim
1644 2129 1764 2177 inter
1787 2146 1834 2178 D.
1872 2146 1989 2178 ron.
2023 2149 2122 2180 BA·

518 2213 545 2244 P
565 2215 594 2244 1·
613 2221 621 2241 ι
639 2212 658 2244 s
674 2214 706 2244 τ
720 2214 759 2243 AE
793 2213 820 2243 L
838 2214 867 2245 A
883 2213 913 2244 v
928 2212 953 2245 Α
970 2213 1005 2244 N
1021 2212 1118 2244 Nm
1140 2195 1482 2260 antiquitatum
1518 2208 1836 2244 monumenta
1868 2194 2120 2246 servaban-

519 2270 621 2318 tur3
692 2278 810 2326 quos
847 2261 1084 2325 descripsit
1110 2275 1159 2311 ets
1188 2261 1408 2325 depinxit
1431 2266 1633 2311 Laurent.
1669 2264 1874 2309 Ramirez
1896 2267 1948 2309 de
1982 2263 2127 2312 Proda-

512 2329 570 2391 t),
606 2326 691 2394 qui
713 2338 759 2377 et
794 2343 854 2377 ex
878 2328 1049 2379 eodem
1075 2345 1238 2377 Lava
1255 2346 1392 2379 N-Na
1415 2329 1618 2394 aliisque
1646 2327 1946 2393 scriptoribus
1966 2329 2126 2390 refert,

2068 2411 2127 2444 in:

567 2497 623 2552 f)
647 2499 708 2542 De
728 2499 959 2552 circumcis
963 2510 1080 2556 part.
1083 2513 1123 2555 3.
1137 2514 1165 2542 c.
1172 2512 1212 2553 5.
1226 2512 1269 2558 p.
1280 2514 1374 2557 377.v
1431 2500 1462 2554 i)
1492 2498 1594 2557 Hrst.
1621 2502 1801 2556 Nat.35.
1824 2516 1854 2542 c.
1877 2515 1932 2543 zzz·
1980 2554 1983 2558 .

564 2561 611 2610 g)
646 2558 692 2599 ln
717 2556 867 2616 Synag..
888 2556 1100 2616 Iudaica-p.
1125 2571 1191 2602 zor.
1214 2572 1245 2603 c.
1271 2571 1310 2613 4,.
1429 2557 1476 2612 k)
1505 2558 1548 2601 L.
1566 2569 1604 2610 9.
1631 2559 1862 2616 defmgylic'.
1882 2556 2035 2599 medic.-

567 2613 622 2669 h).
648 2613 724 2670 loſs
761 2614 811 2668 V,
832 2629 874 2659 2..
1429 2616 1466 2674 ἢ
1489 2615 1540 2661 In
1558 2611 1892 2675 Penteconmrch.
1914 2629 1948 2658 c.
1965 2625 2049 2672 φρ.
2062 2614 2125 2658 62,
