2258 3089
542 274 803 334 thesauros,
825 268 1048 336 effugerit
1075 270 1390 336 diligentiam,
1417 286 1506 320 nec
1532 266 1862 335 lexicographi
1884 266 2141 321 cum'anti«

540 344 643 407 qui,
660 352 763 390 tum
789 339 866 387 alii
890 336 1186 396 recentiores,
1202 353 1324 402 quos
1349 337 1550 403 quidem
1570 335 1811 386 consulere
1828 335 1964 384 nobis
1992 336 2138 396 licuit.

542 409 662 458 illud
692 406 946 463 adducant,
976 420 1233 470 perparum
1258 402 1387 463 absit,
1416 403 1538 468 quin
1563 402 1739 453 inficias
1763 418 1867 454 eam
1884 444 1894 462 ,
1920 403 2044 453 hanc
2066 403 2138 454 di-

541 475 755 528 &ionem
779 471 923 521 hodie
953 469 1089 531 alibi,
1115 486 1263 536 quam
1289 469 1502 521 adducto
1529 487 1559 519 c
1576 487 1602 518 L
1619 488 1738 523 EME
1757 488 1791 519 N
1811 489 1841 520 τ
1858 489 1873 518 1
1890 486 1907 518 s
1932 472 2034 519 lov->o
2064 486 2141 520 oc·

543 557 747 593 currere.
802 537 985 605 Quodsi
1017 538 1164 602 igitur
1194 553 1368 586 vocum
1396 536 1767 602 fignificationes
1793 552 1849 585 ex
1877 537 2144 587 earundem

539 610 629 661 usu
655 605 785 671 apud
813 605 1051 669 scriptores
1087 604 1415 653 diiudicantur
1441 603 1646 667 optime:
1671 602 1731 651 de
1758 601 2034 652 definienda
2060 621 2135 653 ac·

543 687 705 727 curate
753 668 1101 735 μεκδιειιτησίοις
1151 670 1348 720 notione
1398 671 1643 736 desperare
1692 667 2004 732 deberemus,
2049 669 2139 719 nifi

539 742 620 792 ille
657 739 754 804 ipse
783 738 1138 789 Alexandrinus
1166 737 1318 804 digito
1344 739 1495 787 veluti
1522 737 1679 786 indice
1705 736 2003 794 ostenderet,
2035 753 2135 801 quo

538 808 808 875 significatu
826 806 954 855 illam
979 804 1090 855 velit
1108 804 1268 869 accipi.
1303 803 1662 870 Possetquidem
1679 802 2135 864 considerantipeovo-

541 873 784 931 διαιτησιάς
814 872 1051 938 originem
1076 872 1127 920 in
1156 881 1368 921 mentem
1392 873 1572 930 venire,
1586 887 1638 921 ea
1655 886 1772 920 voce
1789 869 2026 935 designari
2044 890 2136 918 cae-

540 944 732 992 libatum.
805 940 884 992 Est
910 939 1039 988 enirn
1066 957 1089 987 a
1111 939 1238 1000 μένος
1262 950 1306 988 et
1334 936 1609 1000 διαιτάομαι,
1634 953 1844 1001 quorum
1882 936 2000 984 illud
2014 938 2135 998 filus

539 1010 751 1065 denotat,
767 1007 859 1054 hoc
884 1022 998 1054 vero
1026 1022 1264 1062 commoror,
1280 1012 1418 1052 viram
1446 1005 1560 1067 dego,
1602 1006 1663 1057 At
1686 1019 1815 1061 verO,
1830 1002 2060 1068 quoniam
2082 1003 2134 1052 in

539 1075 700 1125 tabula
718 1072 961 1131 Laconica,
977 1088 1122 1137 quarn
1149 1088 1205 1121 ex
1231 1089 1261 1120 c
1276 1088 1302 1119 L
1319 1089 1343 1120 E
1361 1090 1398 1120 M
1414 1089 1439 1119 ε
1454 1089 1490 1120 N
1506 1089 1537 1120 τ
1551 1089 1576 1119 E
1595 1068 1911 1136 recitavimus,
1927 1068 1983 1118 ab
2011 1071 2132 1133 σίγα.-

538 1149 621 1206 μῐῳ
659 1138 972 1205 distinguitur
1005 1134 1354 1200 μονσδιοιιτησίσιε
1403 1137 1604 1186 minime
1643 1136 1805 1200 inepte
1844 1136 2022 1185 iudicat
2061 1153 2132 1186 10.

539 1229 577 1259 M
595 1228 620 1258 ε
636 1228 662 1256 v
680 1225 742 1257 ns
760 1223 848 1256 ivs
873 1208 964 1268 (o),
980 1206 1370 1266 vitamsolitariam
1396 1222 1477 1251 non
1502 1206 1629 1250 aliam
1655 1203 1742 1251 hac
1760 1201 1978 1253 dictione
2004 1202 2134 1252 indi-

538 1276 657 1334 cari,
697 1291 820 1339 quam
860 1273 1122 1319 viduitatem
1152 1278 1269 1330 viri,
1302 1271 1388 1335 post
1411 1271 1604 1318 exaHum
1641 1275 1969 1319 matrimonium.
2041 1268 2135 1319 Cui

537 1340 796 1392 sententiae
823 1348 867 1388 et
898 1355 984 1387 nos
1009 1337 1353 1388 subscribentes
1379 1336 1720 1394 existimamus,
1749 1335 1839 1389 hoc
1861 1335 2059 1385 crimine
2089 1336 2134 1387 se

537 1425 616 1460 eos
645 1404 952 1463 adstrinxiffe,
973 1404 1075 1469 qui,
1093 1404 1269 1453 viribus
1295 1403 1470 1470 integri
1497 1415 1542 1453 et
1573 1403 1630 1452 ad
1658 1402 1826 1452 sobolis
1853 1402 2134 1467 procreatio-

537 1492 650 1525 nem
679 1473 790 1538 apti,
816 1470 874 1520 ob
902 1471 1065 1536 prioris
1092 1471 1382 1521 matrimonii
1408 1470 1647 1531 taedium,
1677 1473 1752 1521 vel
1780 1469 1888 1519 alias
1916 1468 1976 1520 ob
2000 1485 2133 1521 caus·

535 1542 617 1602 sas,
643 1538 850 1591 secunda
876 1537 1126 1604 fugiebant
1157 1550 1281 1590 vota.

1247 1646 1286 1712 ᾗ.
1319 1648 1381 1699 ν.

678 1734 1044 1792 Excutientibus
1068 1735 1162 1784 iam
1190 1732 1326 1784 nobis
1351 1734 1537 1785 vetusta
1562 1742 1905 1795 monumenta,
1932 1750 2054 1785 num
2086 1744 2133 1786 et

535 1809 762 1865 caelibes,
784 1816 831 1856 et
860 1803 1052 1853 serotini
1076 1800 1293 1866 coniugii
1325 1818 1443 1859 reos,
1471 1812 1516 1850 et
1544 1801 1717 1850 viduos
1746 1802 1912 1850 iisdem
1947 1801 2130 1867 poenis,

531 1895 651 1946 quas
678 1891 790 1925 mox
816 1868 1175 1924 recensebimus,
1193 1867 1400 1917 affecerit
1426 1867 1727 1933 magistratus
1752 1868 2034 1928 Laconicus,
2062 1870 2134 1918 ni·

533 1947 603 1997 hil
629 1941 815 2009 prorsus
842 1935 1056 1994 occurrit,
1074 1934 1206 1984 unde
1229 1934 1276 1983 id
1303 1937 1444 1999 plane
1473 1950 1708 2000 queamus
1729 1950 2029 1999 cognoscere.
2068 1938 2131 1984 E-

533 2011 752 2082 quidem,
771 2005 971 2069 οἰγοίμοις
994 2018 1070 2052 eas
1095 1999 1230 2051 fuisse
1253 2000 1553 2059 constitutaS,
1585 1999 1754 2050 diserto
1779 2012 1996 2051 veterum
2021 2000 2132 2051 scri-

532 2092 725 2148 ptorum
779 2068 1050 2123 testimonio
1087 2077 1217 2118 extra
1265 2066 1575 2118 dubitationis
1613 2069 1763 2117 aleam
1797 2083 1991 2118 omnem
2015 2068 2132 2133 poni

532 2144 699 2199 sentio,
768 2142 905 2190 Num
934 2153 1046 2187 vero
1070 2134 1132 2184 ad
1158 2136 1422 2198 ὀφιτγωίμους
1458 2134 1599 2185 etiam
1635 2143 1776 2198 atque
1812 2134 1863 2183 in
1901 2134 2133 2186 viduitate

533 2216 867 2282 permanentes
895 2202 1238 2270 spectaverint,
1274 2201 1340 2261 id,
1378 2209 1564 2251 tacente
1594 2200 1894 2266 antiquitate,
1932 2201 2135 2266 praecise

532 2294 695 2345 neque
723 2271 1003 2340 negaverim
1020 2309 1032 2330 ‚
1059 2284 1221 2334 neque
1244 2268 1591 2318 affirmaverim.
1643 2270 1758 2316 Non
1784 2267 2131 2329 affirmaverim,

530 2344 790 2416 quoniam,
829 2338 916 2405 qui
951 2337 1047 2387 sero
1074 2335 1133 2385 ad
1158 2351 1354 2385 uxorem
1385 2334 1659 2386 ducendam
1695 2332 1912 2384 animum
1936 2334 2135 2399 appellit

532 2428 715 2480 aeque,
743 2423 795 2457 ac
821 2404 1026 2462 viduus,
1047 2401 1133 2468 qui
1158 2418 1217 2453 ex
1244 2403 1396 2469 prima
1420 2401 1629 2468 coniuge
1664 2399 1833 2450 liberos
1860 2399 1956 2450 iam
1981 2401 2134 2452 susce·

531 2483 626 2550 pit,
660 2491 761 2527 non
794 2471 914 2523 adeo
942 2471 1151 2538 graviter
1185 2469 1237 2519 in
1285 2467 1630 2537 rempublicam
1657 2466 1922 2534 delinquit,
1955 2484 2008 2517 ac
2039 2467 2132 2542 ille,

2037 2549 2126 2599 qur

542 2611 2116 2642 *mm

587 2665 658 2722 (ο)
691 2660 905 2718 Loc.citat.
916 2672 1009 2717 pag.
1023 2670 1116 2720 ¹09·
