2258 3089
652 125 1119 180 PRAEFATIO.
1525 131 1709 186 XXXV

105 198 195 247 hac
217 193 542 247 continuanda
567 192 682 245 serio
704 195 858 245 statim
896 195 1104 261 cogitare
1127 194 1280 261 coepit.
1329 196 1400 247 Ac
1435 195 1570 257 sane,
1607 201 1704 252 iarn

109 264 341 330 superiori
368 281 495 312 anno
522 262 765 328 integrum
789 261 1063 311 fasciculum
1101 263 1393 328 praesentem
1420 264 1703 318 exhibuisset

104 332 315 391 eruditis,
353 330 438 379 nisi
464 329 572 387 fata,
608 345 732 394 quae
758 329 865 395 cogi
896 341 1163 395 nequeunt,
1195 331 1389 398 meique
1425 330 1603 382 labores
1623 334 1700 382 alii

101 399 151 449 id
177 395 535 465 prohibuissent.
598 396 691 446 Sed
717 395 780 445 sat
808 398 900 445 cito
931 396 1108 461 prodiit
1132 397 1277 447 hocce
1303 402 1555 460 volumen,
1592 399 1625 448 fi
1647 399 1701 450 in

106 483 163 517 eo
191 463 470 515 adornando
489 462 592 511 satis
619 462 748 513 recte
774 463 925 512 officio
941 465 1099 513 nostro
1123 481 1209 513 nos
1238 464 1434 517 functos
1459 466 1548 516 esse
1573 465 1703 515 iudi-

101 532 294 594 cabunt,
326 546 475 595 penes
500 546 622 594 quos
646 530 897 580 iudicandi
924 531 1011 579 hac
1039 531 1100 581 de
1131 548 1179 581 re
1203 533 1408 597 potestas
1447 533 1514 582 est
1538 544 1583 582 et
1616 532 1701 582 sci-

102 599 246 650 entia.
296 601 473 662 Neque
506 599 602 658 est,
631 597 764 662 quod
790 614 1066 658 vereamur,
1094 615 1155 648 ne
1179 599 1228 647 in
1272 599 1358 648 hac
1391 599 1702 650 concidamus

101 666 280 725 causla,
302 663 538 730 siquidem
563 680 620 713 ex
646 664 1010 730 opusculorum,
1044 683 1168 730 quae
1197 666 1513 727 restituimus,
1550 668 1701 732 pretio

99 743 145 784 et
169 732 368 791 raritate,
404 730 656 782 auetorum
683 748 797 782 vero
823 732 1109 791 eruditione,
1134 731 1264 781 labor
1289 734 1445 783 noster
1471 735 1536 783 est
1566 734 1702 784 aesti-

100 802 323 850 mandus.
382 801 684 864 Argumenta
712 798 858 855 enirn,
886 815 1008 862 quae
1040 800 1273 864 explicata
1314 800 1391 850 hic
1427 800 1574 860 videa
1614 803 1701 851 Le·

101 866 206 918 &or
233 864 459 925 Erudite,
497 864 793 916 selestissima
831 865 968 926 sunt,
1009 882 1098 916 nec
1125 866 1228 916 trita
1252 876 1297 916 et
1325 867 1581 932 philologis
1617 884 1702 933 pe-

46 947 49 951 ’
102 934 242 983 rinde
266 932 516 990 vtiliffima,
539 949 591 980 ac
617 932 704 997 ipsi
729 932 871 981 libelli
900 931 1136 983 haetenus
1162 933 1359 983 fuerunt
1385 945 1593 984 rarenter
1620 934 1704 984 ob-

102 1000 195 1059 vii,
221 999 428 1063 ipsorum
453 1010 612 1047 autem
641 997 860 1048 auctores
885 997 1132 1048 dofflrinae
1158 999 1284 1048 fama
1310 1003 1495 1050 florent.
1557 1001 1705 1066 Qod

103 1066 138 1115 fi
164 1065 476 1130 quaesiveris,
512 1081 770 1128 operamne
799 1064 923 1112 hanc
953 1065 1036 1112 sim
1065 1066 1448 1124 continuaturus,
1472 1070 1704 1131 equidem

106 1132 345 1198 profiteor,
370 1147 470 1179 non
498 1129 651 1179 deesse
674 1129 794 1177 mihi
819 1129 1047 1178 rariorum
1075 1131 1246 1194 pariter
1271 1144 1416 1197 atque
1437 1133 1702 1199 insignium

108 1199 379 1249 libellorum
405 1196 808 1262 philologicorum
842 1197 1027 1261 copiam
1054 1197 1185 1247 haud
1213 1215 1434 1263 parvam,
1460 1200 1520 1249 de
1544 1200 1598 1248 iis
1622 1217 1707 1250 ve-

106 1283 158 1316 ro
195 1264 481 1315 recudendis
523 1263 636 1312 certi
673 1262 795 1311 nihil
829 1280 965 1312 nunc
1002 1263 1186 1329 possum
1224 1266 1512 1330 promittere.
1582 1267 1708 1317 Illud

107 1343 296 1382 tantum
334 1332 585 1397 polliceor,
623 1329 657 1378 si
696 1330 841 1379 vitam
878 1330 1105 1396 largiatur
1131 1334 1257 1382 Deus
1293 1343 1339 1382 et
1376 1333 1708 1384 valetudinem

107 1398 408 1466 prosperam,
445 1414 522 1447 me
548 1414 802 1462 nunquam
831 1396 887 1446 ab
914 1398 1139 1447 ornandis
1167 1416 1250 1464 pro
1278 1410 1408 1464 parte
1437 1400 1559 1448 virili
1583 1401 1706 1450 litte-

103 1468 163 1516 ris
186 1465 321 1514 bonis
347 1465 641 1514 abfuturum.
669 1469 894 1514 Ceterum
917 1467 1036 1523 vale,
1053 1465 1223 1516 Lector
1257 1468 1521 1527 Benevole,
1552 1479 1598 1517 et
1632 1509 1641 1526 ,
1670 1467 1704 1517 fi

101 1534 387 1599 religionem
414 1531 576 1581 sanam
606 1530 844 1593 te&am,fi
871 1531 1164 1581 summorum
1183 1533 1523 1598 imperantium
1539 1534 1705 1586 aucto·

106 1601 292 1651 ritatem
318 1598 594 1659 stabilitam,
627 1598 660 1647 si
686 1598 932 1649 veritatem
955 1599 1310 1660 intemeratam,
1343 1601 1599 1652 hominum
1624 1618 1706 1668 ge-

106 1685 200 1718 nus
229 1684 341 1717 vero
366 1666 552 1731 semper
576 1665 779 1715 liberum
804 1665 892 1714 effe
911 1666 1044 1728 cupis
1070 1665 1186 1715 serio
1204 1705 1216 1722 ,
1245 1684 1440 1718 mecum
1468 1668 1543 1717 fac
1574 1685 1703 1728 vota,

103 1746 160 1783 ut
185 1735 363 1782 litterae
389 1733 711 1788 humaniores,
740 1747 881 1795 quae,
907 1740 1016 1780 ante
1041 1731 1157 1781 haec
1181 1731 1281 1781 duo
1308 1744 1353 1782 et
1377 1734 1510 1798 quod
1535 1751 1702 1784 excur-

107 1801 165 1850 rit
191 1799 395 1857 saecula,
434 1797 565 1847 sacris
592 1798 821 1856 nitorem,
849 1796 1146 1861 principibus
1169 1799 1487 1859 maiestatem,
1518 1801 1704 1850 veritati

137 1865 443 1934 'splendorem
469 1876 513 1914 et
536 1880 713 1929 magno
744 1863 1015 1914 mortalium
1043 1880 1246 1914 numero
1276 1865 1539 1916 libertatem
1565 1867 1672 1931 red}

241 1933 484 1993 diderunt,
503 1947 602 1980 non
629 1930 779 1979 solum
804 1947 904 1979 non
931 1931 1167 1981 intereant
1192 1935 1316 1981 male
1341 1932 1568 1984 sanorum

440 2000 611 2066 culpa,
636 1997 716 2048 sed
743 1997 883 2047 etiam
912 1997 1063 2061 magis
1095 1999 1348 2066 magisque

755 2063 1057 2115 efflorescant.
1311 2099 1313 2101 ·

563 2187 1217 2303 ¹¹·÷)0({3²?«{2
