2258 3089
511 146 674 199 XVIII
1099 145 1557 198 PRAEFATIO.

513 216 730 276 versum,
770 213 902 265 hasta
940 213 1426 279 transverberaverat,
1475 214 1773 280 epigramma
1822 213 1911 277 (t),
1958 216 2095 271 cuius

517 283 651 350 quod
680 283 776 332 huc
800 282 995 349 speetat,
1025 283 1216 330 initium
1254 299 1497 348 apponere
1526 297 1626 330 non
1653 279 1816 346 piget:
2106 260 2123 287 ³

661 373 787 422 'mla’
812 389 916 419 cet-32
942 366 1177 428 πτολέμου
1200 367 1462 436 egebo-aurci
1486 389 1538 417 σε
1565 364 1726 433 δέξατο
1753 368 1892 436 μήτηρ

718 438 883 488 Πάντα,
905 436 976 482 τὸν
1004 435 1228 488 &who-”triv
1254 437 1419 497 κέσμεν
1452 436 1724 485 έλωλεκέτσ..

651 510 801 570 Quum
825 524 875 552 ex
901 504 996 549 bello
1026 502 1186 565 trepide
1200 502 1439 565 fugientem
1465 519 1506 550 te
1531 502 1739 567 excepiſjct
1769 518 1934 564 mater,

667 588 677 595 ‘
723 579 847 622 Onmi
871 573 1052 618 militari
1073 584 1226 616 ornatu
1256 570 1406 633 amiſjb.

526 670 686 731 Quam
714 661 773 711 de
800 655 1129 714 Tresanti'ous,
1156 655 1384 723 coniugio
1421 655 1652 717 arcendis,
1679 658 1839 721 legem
1872 673 2027 722 quum
2060 657 2129 709 fe-

522 732 722 785 rendam
749 725 992 778 censerent
1019 724 1261 789 Spartani,
1300 723 1385 789 qui
1409 722 1611 773 salutem
1661 722 1954 787 reipublicae
1987 727 2129 776 armis

523 812 571 852 et
597 799 771 849 virtute
798 795 978 845 civium
1009 791 1204 842 suorum
1221 791 1364 841 unice
1395 791 1765 857 propemodum
1782 791 1869 840 niti
1887 792 2129 854 volebant,

524 869 691 935 procul
719 863 868 915 dubio
915 862 966 910 in
1006 859 1168 933 animo
1205 859 1480 910 habuerunt
1517 859 1807 910 contrarium
1829 859 1957 923 eim,
1994 861 2131 930 quod

524 934 720 1000 Lyricus
748 929 1028 983 Venusinus
1053 937 1177 977 canit
1206 931 1313 990 (u):

729 1022 874 1068 Fortes
897 1029 1093 1063 creantur
1106 1013 1302 1074 fortibus
1321 1027 1361 1059 et
1388 1012 1522 1066 bonis.

798 1084 872 1148 Est
898 1090 942 1130 in
966 1088 1183 1141 iuvencis,
1217 1080 1268 1144 est
1291 1086 1334 1126 in
1357 1097 1476 1144 equzs
1495 1092 1671 1144 patrum

797 1155 946 1202 Virtus
961 1190 973 1210 ‚
996 1168 1068 1198 nec
1094 1150 1291 1196 imbellem
1305 1147 1474 1209 feroces

793 1223 1077 1283 Progenerant
1101 1218 1270 1282 aquilae
1294 1215 1537 1264 columbam.

525 1311 682 1369 ‘Veriti
704 1307 901 1370 scilicet,
928 1322 990 1355 ne
1017 1301 1279 1353 effeminati
1313 1300 1380 1350 illi
1417 1300 1585 1351 liberos
1623 1298 1940 1367 susciperent,
1975 1304 2010 1354 fi
2045 1305 2136 1356 mi.

530 1401 623 1436 nus
671 1376 933 1430 timidiores
986 1370 1288 1439 parentibus,
1324 1368 1484 1420 saltem
1536 1366 1608 1417 his
1643 1368 1844 1431 similes,
1872 1383 2017 1437 atque
2050 1373 2140 1433 fic,

527 1450 672 1503 auehi
706 1444 991 1497 timidorum
1029 1439 1189 1500 turba,
1227 1437 1389 1499 civita-s
1438 1435 1805 1504 periclitaretur,
1850 1455 1951 1488 non
1981 1439 2137 1491 solum

530 1517 815 1578 Tresames,
852 1510 939 1560 nisi
976 1509 1069 1557 iam
1108 1517 1219 1557 ante
1244 1516 1436 1571 turpem
1464 1504 1674 1569 ipsorum
1702 1504 1871 1572 fugam
1897 1506 2138 1557 duxissent

528 1601 733 1641 ιεικοιές9
771 1575 1002 1643 coniugio
1031 1573 1421 1642 prohibuerunt,
1459 1571 1540 1622 sed
1579 1571 1900 1636 ignominiam
1936 1589 2138 1640 quoque

531 1655 622 1705 illis
665 1651 775 1700 sunt
805 1644 1003 1708 minati,
1058 1642 1147 1709 qui
1171 1640 1286 1694 filias
1322 1638 1577 1706 fugacibus
1609 1638 1708 1690 istis
1741 1653 1956 1708 nuptum
1990 1641 2138 1693 effent

532 1714 816 1782 concessura}

1245 1775 1291 1851 ᾗ.
1330 1776 1425 1833 VI.

665 1881 723 1932 In
748 1871 1108 1929 enumeratione
1131 1885 1426 1936 poenarum,
1463 1867 1640 1935 quibus
1667 1867 1952 1920 caelibatum
1987 1872 2143 1925 vindi-

538 1949 749 2005 candum
775 1944 935 1995 statuit
960 1945 1126 2008 legum
1140 1939 1480 1988 Laconicarum
1506 1939 1640 1998 lator,
1671 1935 1919 1989 au&orem
1940 1940 2143 2005 quidem

538 2016 837 2088 potissimum
865 2011 1123 2076 sequemur
1149 2022 1519 2065 PLVTARCHVM‚
1546 2005 1634 2071 qui
1658 2021 1822 2054 earum
1859 2009 2141 2075 plerasque,

539 2087 796 2152 diligenter
821 2086 1085 2136 annotatas,
1108 2074 1167 2124 ad
1193 2074 1351 2122 nostra
1380 2071 1632 2122 transmisit
1657 2083 1886 2139 tempora.
1960 2077 2051 2127 Sed
2080 2078 2144 2127 ita

539 2156 632 2205 hoc
658 2154 706 2200 in
733 2147 931 2214 negotio
959 2142 1277 2202 versabimur,
1316 2151 1369 2190 ut
1395 2140 1571 2190 leviora
1598 2138 1894 2206 gravioribus
1920 2144 2145 2206 praemit.

543 2232 699 2273 tamus
725 2213 991 2282 suppliciis,
1017 2211 1424 2277 singulorumque
1461 2207 1692 2273 indagare
1728 2206 2007 2258 studeamus
2032 2227 2145 2261 cum

538 2301 759 2341 naturam
777 2324 788 2343 ‚
810 2295 913 2332 turn
944 2279 1163 2329 rationes,
1238 2276 1389 2325 Primo
1414 2275 1576 2342 itaque
1601 2279 1704 2324 loco
1728 2274 2026 2325 mentionem
2055 2294 2144 2328 nos

540 2357 695 2410 facere
721 2360 907 2418 oportet
932 2347 1074 2414 legis,
1113 2343 1394 2403 sancientis,
1433 2350 1485 2393 ut
1523 2340 1724 2392 caelibes
1759 2339 2147 2397 consenescentes

2044 2428 2148 2466 non

585 2497 2110 2526 *m

599 2550 655 2602 (t)
689 2540 895 2598 Antholog.
910 2538 1053 2580 Graec.
1078 2534 1156 2575 loe.
1174 2532 1238 2575 cit.

601 2624 670 2680 (u)
699 2617 789 2665 Lib.
802 2616 889 2662 llll.
910 2615 990 2661 oda
1010 2625 1047 2670 4.
1060 2626 1096 2658 v.
1109 2623 1174 2668 29.
1192 2610 1279 2669 sqq.
