2258 3089
518 204 591 237 110
664 197 671 201 “
729 202 731 205 ·
864 184 874 222 '-
1088 140 1277 232 ANDR.
1318 181 1517 234 RIVINI

522 291 670 335 vates,
703 272 790 324 isto
817 271 877 322 de
900 270 1078 329 invida,
1105 270 1187 318 ino
1212 268 1273 320 de
1303 272 1524 333 invidioso.
1588 273 1722 338 Qms
1757 291 2038 327 PLAvrvs
2072 286 2119 327 in

520 345 674 392 Milite
698 341 796 391 Αὲἶ.
824 340 902 390 ΙΙΙ.
918 337 978 399 sc.
1003 339 1057 386 ΙΙ.
1084 354 1130 386 v.
1155 343 1224 387 26.
1250 336 1340 387 hoc
1362 337 1505 387 unico
1532 340 1763 389 vei-ficulo
1791 343 2062 408 compegit:

685 407 801 536 Qt}
829 404 1062 534 iihaevident
1072 443 1088 469 ,
1123 416 1300 478 egent,
1335 402 1434 472 illi,
1466 403 1645 478 quibus
1680 407 1973 474 invidetur,
2009 426 2120 465 rem

789 499 843 536 m
877 492 977 535 eut.

524 555 792 610 Breviffime
826 567 1025 620 quoque
1063 559 1328 615 utrumque
1367 550 1648 601 constrinxit
1688 555 1800 603 alter
1840 553 2122 621 eiegantiffi-

520 643 628 677 mus
653 631 818 690 poeta,
856 635 876 668 s
893 635 1014 668 rAT
1031 634 1043 665 ι
1061 634 1137 676 VS,
1163 613 1366 667 Thebaid.
1393 619 1467 668 lib.
1491 621 1524 666 Ι.
1553 636 1598 665 v.
1628 634 1708 675 171.
2056 645 2058 648 ·

691 691 864 760 Atque
890 683 1098 756 aliquis,
1123 684 1204 739 cui
1226 700 1370 738 mens
1391 681 1568 739 humili
1587 681 1762 756 laefiffe
1785 703 1976 742 veneno

688 764 915 825 Summa,
938 775 1027 814 nec
1048 753 1292 830 impolitos
1314 775 1538 832 uuquam
1561 760 1763 815 cervice
1788 757 1978 816 volenti

685 836 839 893 Ferre
875 838 1056 888 duces.·

665 925 707 975 3.
746 906 899 971 Quod
930 920 1354 954 LAcTANTws
1391 921 1762 960 PLActAsz.
1781 904 2026 969 geminam
2051 907 2118 956 le·

521 976 736 1029 &ionem
763 972 976 1029 asserens,
1002 969 1063 1017 ita
1084 969 1353 1018 enarrabat:
1393 973 1537 1034 Atque
1561 973 1733 1034 aliquis,
1757 978 1824 1017 cui
1843 988 1958 1017 mens
1983 974 2119 1018 humi-

520 1043 633 1104 lis:)
673 1042 828 1104 Vtique
849 1054 959 1084 unus
983 1054 1035 1083 ex
1052 1037 1184 1100 plebe,
1201 1036 1279 1084 cui
1304 1050 1394 1082 erat
1418 1052 1567 1095 mens,
1589 1037 1662 1095 seu
1686 1048 1848 1096 votum,
1864 1040 1939 1084 vel
1962 1037 2118 1085 modice

520 1109 686 1159 laedere
700 1146 713 1167 ‚
737 1106 785 1153 id
807 1104 882 1168 eft,
907 1101 1104 1150 invidere
1118 1103 1364 1165 potentibus
1387 1116 1428 1148 et
1451 1102 1814 1150 malediflionibus
1839 1117 2006 1167 carpere
2029 1121 2114 1150 me-

516 1181 675 1229 liores:
708 1173 788 1221 Vel
809 1168 887 1219 cui
912 1185 1015 1218 mos
1035 1183 1151 1228 erat,
1176 1175 1222 1216 in
1245 1168 1454 1230 dignitate
1477 1175 1587 1230 regia
1607 1170 1756 1232 positos
1778 1171 2021 1234 maleloquii
2040 1187 2117 1218 ve-

519 1260 625 1292 neno
644 1241 938 1306 perstringere,
960 1250 1002 1282 et
1029 1235 1259 1298 impositum
1294 1241 1435 1296 iugum
1462 1235 1688 1294 servitutit
1720 1235 1925 1281 indomita
1957 1242 2118 1283 cervice

519 1309 709 1358 deiicere.
769 1321 813 1368 4.
845 1304 959 1361 Nos,
974 1300 1219 1366 posteriori
1244 1311 1335 1349 vet.
1360 1299 1464 1352 cod.
1488 1300 1758 1366 scripturae,
1773 1301 1832 1350 ad
1859 1318 1958 1351 rem
1982 1317 2117 1366 prae·

518 1374 701 1427 sentem
730 1385 877 1437 quam
903 1367 1110 1417 maxime
1134 1365 1348 1424 facienti,
1381 1364 1622 1425 faveam,
1663 1366 1726 1416 ita
1760 1365 1810 1414 in
1840 1366 1933 1416 hac
1958 1367 2117 1416 homi-

518 1456 642 1492 num
663 1437 759 1489 vita
781 1443 1108 1498 comparatum
1131 1431 1222 1483 effe
1248 1431 1499 1493 novimus,
1529 1441 1596 1492 ut,
1624 1448 1739 1482 curn
1763 1448 1822 1481 ex
1848 1433 2019 1483 eodem
2044 1435 2119 1490 lu-

517 1518 567 1560 to
591 1521 756 1557 omnes
782 1502 983 1569 quidem
1005 1497 1146 1549 creati
1168 1499 1326 1558 fimus,
1341 1514 1511 1548 verum
1535 1498 1742 1547 maxima
1767 1498 1819 1547 fit
1842 1499 2118 1550 animorum

516 1585 564 1627 et
589 1573 892 1623 fortunarum
915 1565 1176 1630 disparium,
1205 1566 1426 1629 aequales
1450 1575 1610 1615 tamen
1633 1574 1678 1613 et
1703 1563 1916 1615 libertate
1940 1576 1984 1614 et
2008 1583 2114 1616 coe-

515 1641 625 1692 teris
653 1635 858 1688 externis
889 1633 1108 1698 plerique
1141 1631 1231 1679 effe
1254 1629 1609 1693 discupiamus,
1636 1631 1742 1680 licet
1769 1629 1973 1688 dotibus¹
1995 1631 2116 1682 infe·

515 1707 673 1758 rioreS.
774 1704 937 1764 Atque
975 1696 1090 1746 inde
1127 1711 1298 1743 eatenus
1341 1694 1511 1743 εἵνεκτοι
1545 1697 1580 1744 ὁι
1615 1695 1799 1755 ἔπαινοι,
1836 1699 2122 1746 intolerabiles·

509 1776 615 1839 sunt
630 1810 641 1830 ‚
672 1785 779 1834 quae
806 1770 904 1814 aliis
927 1765 1201 1821 tribuuntur,
1225 1763 1385 1819 laudes,
1412 1777 1620 1827 quatenus
1642 1770 1930 1827 unusquisque
1945 1755 2118 1828 [Tque-

519 1857 600 1907 que
623 1833 792 1900 aliquid
816 1848 970 1887 eorum,
984 1847 1089 1893 quae
1110 1828 1300 1887 audivit,
1313 1829 1462 1889 facere
1478 1829 1580 1892 poſje
1592 1832 1813 1893 putatsscffi
1835 1824 1880 1875 δὲ
1904 1830 2121 1898 ὑπεξςοίλ·

517 1916 636 1957 λοντι
660 1896 1060 1958 εὶυτῶν-φθονὲντες
1082 1889 1156 1950 ἤδη
1178 1896 1255 1955 ⁵190)
1277 1895 1462 1943 aime-§ci
1476 1933 1489 1954 ‚
1516 1895 1600 1955 sed
1632 1911 1721 1941 cum
1747 1894 2056 1958 exsuperantiae
2078 1903 2117 1943 i-

516 1975 681 2040 psorum
713 1965 940 2022 invident,
967 1976 1066 2008 tunc
1091 1978 1192 2007 vero
1223 1978 1306 2008 non
1339 1960 1542 2008 credunt:
1567 1960 1981 2026 quemadmodum
2009 1963 2116 2026 qui·

521 2040 634 2089 dem
659 2051 739 2085 ‘tn
755 2050 783 2081 v
799 2049 875 2081 ογ
892 2047 922 2078 D
937 2047 951 2076 ι
967 2043 998 2076 ι)
1013 2045 1039 2075 E
1055 2043 1074 2075 s
1108 2028 1157 2074 L.
1184 2028 1266 2075 XI.
1290 2041 1333 2091 p.
1364 2040 1447 2076 121.
1471 2033 1516 2074 in
1538 2042 1642 2074 orat.
1668 2026 1847 2086 funebri
1878 2031 2114 2091 praeclare

517 2097 745 2157 disseruit.
813 2099 873 2146 Et
897 2111 1001 2145 etc
1017 2111 1043 2141 Ε
1057 2111 1088 2141 R
1102 2109 1128 2141 o
1150 2093 1202 2139 de
1225 2097 1400 2140 Oratore
1420 2099 1462 2151 §.
1487 2101 1561 2143 66.
1599 2093 1801 2140 Invident
1822 2098 2008 2141 homines
2028 2111 2112 2142 ma-

519 2171 634 2221 xime
659 2166 860 2232 paribus,
881 2176 956 2210 aut
989 2159 1287 2220 inferioribus,
1316 2176 1405 2206 cum
1425 2160 1473 2220 se
1495 2159 1663 2206 relift'os
1675 2160 1892 2220 sentiunt,
1919 2164 2016 2208 illos
2037 2179 2113 2215 au·

518 2255 603 2287 tem
625 2235 768 2285 dolent
791 2225 986 2292 evolaffe:
1022 2235 1165 2292 prout
1193 2228 1304 2275 tales
1328 2225 1478 2285 viros,
1510 2224 1700 2283 virtute.
1728 2225 1955 2290 sapientia
1979 2236 2023 2278 et
2043 2227 2112 2278 fe-

518 2303 692 2355 licitate
719 2299 1032 2365 excellentes,
1057 2291 1259 2358 impedit
1295 2291 1446 2357 livor,
1467 2291 1725 2358 praecipue
1754 2291 1789 2341 fi
1811 2291 1901 2342 fint
1924 2293 2039 2342 novi
2061 2298 2116 2358 c)

931 2394 933 2397 ,
2026 2359 2113 2409 ho.

575 2502 617 2558 c)
648 2496 700 2543 Vi·
704 2494 742 2539 d.
762 2507 785 2537 z
796 2507 819 2537 ε
830 2507 854 2534 v
867 2506 890 2536 E
901 2507 924 2535 e
935 2506 963 2535 o
974 2504 1015 2535 T.
1036 2489 1237 2546 Observat
1257 2492 1302 2533 in
1314 2489 1423 2532 Flor.
1437 2487 1460 2531 1.
1483 2503 1515 2532 2.
1531 2501 1560 2531 c.
1574 2501 1610 2531 2.
1624 2499 1669 2546 p.
1689 2500 1774 2542 249·
1834 2488 1896 2530 De
1913 2489 2030 2532 novii
2051 2489 2118 2533 ho-

652 2552 834 2598 minibus
852 2564 950 2594 vero
965 2550 1124 2608 optima
1145 2546 1287 2592 tradit
1306 2543 1472 2605 Claraeff
1489 2558 1511 2591 n
1525 2559 1552 2590 0
1562 2558 1586 2591 E
1597 2558 1654 2592 ci.
1668 2559 1692 2591 ε
1704 2559 1731 2591 ιι
1743 2557 1808 2596 vs,
1827 2547 1937 2592 notis
1952 2546 2000 2592 in
2023 2547 2114 2603 Vels

654 2612 776 2658 laium
795 2609 867 2657 lib.
891 2607 935 2653 ΙΙ.
955 2622 986 2652 c.
1008 2613 1079 2655 128.
1101 2607 1133 2660 ᾗ.
1156 2619 1182 2650 ι.
