2258 3089
459 195 536 237 190*
748 181 1065 233 IOHANNIS
1102 181 1322 232 REISKII
1355 183 1758 235 PROGRAMMA

463 296 610 347 quare
623 298 816 331 PLlNivs
832 282 1044 328 Secundus
1069 280 1119 328 in
1146 280 1229 330 suo
1246 281 1303 330 ad
1321 277 1556 330 Traianum
1575 288 1820 348 Panegyrico
1836 301 1906 335 res
1934 285 1992 336 ab
2017 304 2075 339 eo

455 349 616 416 ‘gestas
641 349 902 411 laudesque
930 346 1202 413 promeritas
1226 362 1633 415 exaggeraturusg,
1656 355 1820 398 Horum
1845 371 1989 413 unum,
2005 354 2078 404 in-

470 415 620 480 quiat,
637 417 673 474 fi
689 414 944 478 praesiitzffer
968 417 1094 470 alius,
1109 417 1177 461 illi
1201 417 1446 463 iamdudum
1471 418 1688 463 radiatum
1712 433 1850 482 caput,
1878 435 1920 466 et
1944 423 2081 475 media

458 489 582 529 ,inter
605 482 701 528 deos
720 483 837 541 sedes
852 499 952 527 auro
970 483 1100 544 flaret
1122 497 1197 527 aut
1222 484 1350 530 ebore.
1390 482 1483 530 Vbi
1512 493 1664 531 orator
1689 484 1788 532 duo
1816 485 2079 537 divinitatis
2106 522 2111 525 «

471 564 642 607 novae,
667 558 747 596 aut
775 546 1071 600 οὲποθεώσ-εως
1094 550 1333 596 Romanae
1363 559 1702 606 monumenta,
1725 566 1900 615 nempe
1935 564 2080 618 caput

473 613 612 663 radiis
647 614 913 679 effulgenS,
938 625 985 662 et
1021 612 1230 663 mediam
1268 615 1390 664 inter
1418 615 1532 664 deos
1569 615 1780 681 deasque
1811 617 1861 665 in
1895 620 2083 684 templis

473 679 686 745 locisque
719 680 920 745 publicis
951 679 1112 730 sedem
1154 680 1415 745 proposuit.
1487 684 1645 745 Caput
1679 682 1809 732 enim
1841 685 2080 736 radiatum

473 758 624 806 vocat,
649 747 783 812 quod
809 764 982 796 corona
1010 747 1186 796 radiata
1210 746 1425 797 cinstum
1453 747 1746 812 quibusdam
1774 751 2079 801 acuminibus

473 812 567 862 sese
601 814 776 874 attolit,
809 831 866 864 eo
897 831 1027 863 more
1043 839 1059 873 ,·
1080 831 1178 879 quo
1208 814 1408 863 deorum
1435 825 1480 862 et
1506 815 1702 863 dearum
1730 817 1962 879 capita,in
1989 820 2080 867 sta-

457 881 570 942 =tuis
595 880 863 944 tabulisque
889 880 1042 944 priscis
1072 879 1207 944 pingi
1232 880 1378 938 solita,
1401 880 1646 944 hodieque
1672 892 1948 932 cernuntur.
2006 886 2079 934 V·

478 963 593 995 nam
618 963 676 996 ex
711 946 937 995 omnibus
973 945 1124 993 citabo
1151 945 1375 1003 tabulam,
1394 961 1600 1009 eamque
1625 962 1961 1009 marmoream,
1986 953 2077 1001 Ro.
2119 989 2123 992 .

475 1029 584 1063 mae
609 1012 660 1060 in
688 1011 975 1062 Marchionis
998 1011 1117 1062 Iovii
1144 1010 1289 1060 domo
1321 1011 1553 1061 servatam
1570 1052 1582 1072 ‚
1603 1022 1648 1062 et
1671 1012 1817 1064 dotto
1843 1032 1872 1064 A
1889 1033 2002 1066 LEA
2018 1035 2084 1066 N·

480 1097 588 1131 nar
615 1078 956 1130 commentario
982 1076 1289 1143 explicatam:
1338 1095 1589 1144 unamque
1629 1079 1748 1129 Solis
1785 1097 1842 1130 ex
1869 1081 1947 1130 illa
1982 1086 2081 1133 effi·

483 1146 628 1212 giem,
643 1163 769 1211 quae
794 1155 934 1211 caput
957 1144 1215 1194 duodecim
1239 1143 1380 1193 radiis
1402 1145 1582 1195 illustre
1604 1145 1739 1211 gerit,
1755 1146 1849 1197 five
1874 1149 1933 1197 ad
1948 1166 2081 1200 men-

477 1214 551 1263 ·ses
577 1214 704 1273 anni,
731 1230 852 1279 quos
879 1212 1114 1262 curriculo
1140 1211 1225 1260 suo
1250 1210 1495 1275 designat,
1520 1211 1616 1261 sive
1641 1212 1700 1260 ad
1725 1213 1842 1262 astra
1867 1216 2078 1277 Zodiaci,

483 1295 608 1345 quae
650 1289 964 1347 pervagatur,
1001 1278 1201 1328 totidem
1241 1277 1513 1331 indicanda.
1618 1277 1746 1330 Hinc
1794 1281 1927 1347 apud
1974 1283 2080 1338 Ma-

479 1362 652 1400 ronem
686 1349 769 1410 1):

631 1452 682 1462 ...
715 1417 880 1477 Ingenti
903 1418 1007 1461 mole
1028 1416 1211 1462 Latinus

627 1483 898 1544 ,Quadriiugo
921 1485 1094 1529 vehitur
1117 1498 1259 1540 curru,
1291 1485 1358 1528 cui
1385 1494 1567 1545 tempora
1589 1487 1742 1531 circum

628 1551 791 1597 Aurati
804 1551 866 1595 bis
879 1549 960 1610 sex
981 1548 1094 1595 radii
1105 1548 1324 1611 fulgentia
1350 1554 1538 1610 cingunt,

630 1618 742 1663 Solis
765 1623 840 1663 avi
859 1616 1081 1677 specimen.

482 1680 610 1749 Quia
645 1679 774 1730 euim
798 1681 997 1731 Latinus
1034 1697 1117 1745 pro
1145 1679 1243 1729 filio
1270 1680 1450 1737 CirceS,
1491 1688 1536 1728 et
1561 1678 1679 1728 haec
1717 1694 1800 1741 pro
1827 1677 1943 1729 Solis
1982 1676 2079 1727 filia

483 1746 733 1816 quondam
754 1742 1043 1804 habebatur;
1067 1747 1179 1797 inde
1205 1746 1461 1812 quadrigis,
1486 1749 1649 1811 quales
1677 1745 1774 1795 Soli
1798 1744 2079 1805 attribuunt,

485 1826 532 1867 et
555 1830 818 1874 corona,ex
841 1813 980 1863 radiis
1001 1812 1260 1863 duodecim
1279 1823 1516 1873 contexta,
1534 1812 1643 1861 usus
1667 1811 1853 1874 dicitur.
1923 1811 2079 1862 Numi

486 1882 629 1933 etiam
651 1880 851 1931 Romani
870 1882 1055 1939 Solem,
1079 1879 1231 1943 capite
1253 1879 1436 1928 radiato
1460 1878 1789 1943 conspicuum,
1810 1877 2081 1943 repraesen-

485 1958 613 2008 tant,
636 1963 850 2013 eumque
876 1944 1049 1996 mviffi
1087 1949 1252 2009 pulcro
1287 1955 1518 1994 exornant
1553 1943 1800 1993 vocabulo.
1899 1946 1964 1992 Vt
1989 1943 2080 1992 viri

487 2014 621 2065 ἀοᾶἰ
653 2027 698 2064 et
721 2015 845 2073 aliis,
871 2023 916 2062 et
953 2011 1037 2060 fibi
1064 2011 1403 2077 persuadeant,
1430 2011 1805 2060 Constantinum
1839 2026 2077 2076 magnum

485 2081 578 2131 hoc
597 2081 715 2131 Solis
743 2078 911 2130 invicti
937 2078 1218 2129 emblemate
1237 2095 1289 2127 ac
1312 2093 1488 2136 num0,
1514 2094 1612 2143 quo
1638 2077 1758 2126 illud
1792 2077 2077 2138 continetur,

485 2165 666 2209 aene0‚
690 2150 848 2197 Solem
873 2146 1077 2195 iustitiae
1104 2144 1346 2194 Christum
1380 2143 1531 2194 lesum
1558 2142 1835 2208 defignass'e.
1906 2147 2078 2210 Qum

485 2233 602 2266 vero
623 2214 753 2264 idem
777 2214 893 2264 Solis
921 2212 1250 2277 spectaculum
1275 2210 1577 2276 eandemque
1602 2211 1956 2274 inscriptionem
1984 2210 2076 2259 im-

484 2293 721 2349 peratores
744 2292 879 2331 antea
905 2279 1227 2345 prodiderint,
1253 2277 1387 2344 quod
1410 2281 1486 2329 vel
1510 2294 1568 2326 ex
1593 2295 1694 2327 uno
1725 2293 1948 2328 GoLzro
1972 2294 2080 2341 per-

485 2350 648 2415 spicue
681 2358 838 2414 patet:
882 2363 1046 2413 neque
1074 2364 1100 2395 a
1125 2344 1438 2395 Constantino
1464 2345 1526 2393 ita
1560 2343 1830 2410 quidquam
1869 2343 2078 2405 christia-

482 2433 621 2477 num,
643 2425 725 2467 aut
750 2413 934 2467 Christo
963 2414 1173 2465 dicatum
1198 2411 1473 2479 agitari‚sed
1499 2411 1693 2478 priscam
1712 2409 1864 2461 foveri
1886 2410 2078 2476 religio-

1960 2491 2076 2527 nem

539 2618 573 2671 1)
601 2615 686 2665 ΧΠ.
713 2611 882 2670 aeneid,
903 2586 945 2660 v}
963 2613 1037 2659 161.
1055 2611 1143 2670 sqq.
