<?xml version="1.0" encoding="UTF-8"?>
<!DOCTYPE html PUBLIC "-//W3C//DTD XHTML 1.0 Transitional//EN"
    "http://www.w3.org/TR/xhtml1/DTD/xhtml1-transitional.dtd">
<html xmlns="http://www.w3.org/1999/xhtml" xml:lang="en" lang="en">
 <head>
  <title>
</title>
<meta http-equiv="Content-Type" content="text/html;charset=utf-8" />
  <meta name='ocr-system' content='tesseract 3.04.00' />
  <meta name='ocr-capabilities' content='ocr_page ocr_carea ocr_par ocr_line ocrx_word'/>
</head>
<body>
  <div class='ocr_page' id='page_1' title='image "./dissertationumra00schl_0116.png"; bbox 0 0 2258 3089; ppageno 0'>
   <div class='ocr_carea' id='block_1_1' title="bbox 488 213 1501 286">
    <p class='ocr_par' dir='ltr' id='par_1_1' title="bbox 488 213 1501 286">
     <span class='ocr_line' id='line_1_1' title="bbox 488 213 1501 286; baseline -0.009 -14"><span class='ocrx_word' id='word_1_1' title='bbox 488 233 549 286; x_wconf 83' lang='lat'>72</span> <span class='ocrx_word' id='word_1_2' title='bbox 962 215 1096 266; x_wconf 72' lang='lat' dir='ltr'>ion.</span> <span class='ocrx_word' id='word_1_3' title='bbox 1134 213 1323 268; x_wconf 81' lang='lat' dir='ltr'>HENR.</span> <span class='ocrx_word' id='word_1_4' title='bbox 1365 214 1501 264; x_wconf 73' lang='lat' dir='ltr'>MAu</span> 
     </span>
    </p>
   </div>
   <div class='ocr_carea' id='block_1_2' title="bbox 483 309 2107 2191">
    <p class='ocr_par' dir='ltr' id='par_1_2' title="bbox 483 309 2107 2191">
     <span class='ocr_line' id='line_1_2' title="bbox 483 309 2080 378; baseline -0.007 -7"><span class='ocrx_word' id='word_1_5' title='bbox 483 317 696 372; x_wconf 85' lang='lat' dir='ltr'>lolatriae</span> <span class='ocrx_word' id='word_1_6' title='bbox 722 316 993 367; x_wconf 88' lang='lat' dir='ltr'>inventores</span> <span class='ocrx_word' id='word_1_7' title='bbox 1028 313 1247 365; x_wconf 81' lang='lat' dir='ltr'>exstitifse</span> <span class='ocrx_word' id='word_1_8' title='bbox 1272 313 1501 373; x_wconf 81' lang='lat' dir='ltr'>Sabaeos,</span> <span class='ocrx_word' id='word_1_9' title='bbox 1530 326 1826 378; x_wconf 84' lang='lat' dir='ltr'>omnemque</span> <span class='ocrx_word' id='word_1_10' title='bbox 1861 309 2080 377; x_wconf 59' lang='lat' dir='ltr'>supersti»</span> 
     </span>
     <span class='ocr_line' id='line_1_3' title="bbox 486 380 2085 449; baseline -0.007 -11"><span class='ocrx_word' id='word_1_11' title='bbox 486 389 669 439; x_wconf 85' lang='lat' dir='ltr'>tionem</span> <span class='ocrx_word' id='word_1_12' title='bbox 693 381 919 435; x_wconf 82' lang='lat' dir='ltr'>invexisse</span> <span class='ocrx_word' id='word_1_13' title='bbox 953 382 1004 431; x_wconf 88' lang='lat' dir='ltr'>in</span> <span class='ocrx_word' id='word_1_14' title='bbox 1032 381 1221 439; x_wconf 81' lang='lat' dir='ltr'>orbem3</span> <span class='ocrx_word' id='word_1_15' title='bbox 1244 381 1329 449; x_wconf 89' lang='lat' dir='ltr'>qui</span> <span class='ocrx_word' id='word_1_16' title='bbox 1353 380 1515 446; x_wconf 88' lang='lat' dir='ltr'>potius</span> <span class='ocrx_word' id='word_1_17' title='bbox 1541 399 1566 430; x_wconf 76' lang='grc' dir='ltr'><strong>Β</strong></span> <span class='ocrx_word' id='word_1_18' title='bbox 1583 400 1608 430; x_wconf 75' lang='grc' dir='ltr'>ε</span> <span class='ocrx_word' id='word_1_19' title='bbox 1626 396 1780 429; x_wconf 61' lang='lat' dir='ltr'>veno</span> <span class='ocrx_word' id='word_1_20' title='bbox 1807 381 1836 428; x_wconf 90' lang='lat'>1.</span> <span class='ocrx_word' id='word_1_21' title='bbox 1861 395 1902 428; x_wconf 84' lang='lat' dir='ltr'>c.</span> <span class='ocrx_word' id='word_1_22' title='bbox 1937 395 1982 443; x_wconf 86' lang='lat' dir='ltr'>p.</span> <span class='ocrx_word' id='word_1_23' title='bbox 2008 393 2085 438; x_wconf 85' lang='lat'>99.</span> 
     </span>
     <span class='ocr_line' id='line_1_4' title="bbox 489 442 2085 514; baseline -0.008 -9"><span class='ocrx_word' id='word_1_24' title='bbox 489 453 735 513; x_wconf 75' lang='lat' dir='ltr'>scribente,</span> <span class='ocrx_word' id='word_1_25' title='bbox 749 453 988 499; x_wconf 80' lang='lat' dir='ltr'><em>educatores</em></span> <span class='ocrx_word' id='word_1_26' title='bbox 1004 466 1043 497; x_wconf 81' lang='lat' dir='ltr'>et</span> <span class='ocrx_word' id='word_1_27' title='bbox 1058 452 1303 514; x_wconf 86' lang='lat' dir='ltr'>expolitores</span> <span class='ocrx_word' id='word_1_28' title='bbox 1325 450 1443 508; x_wconf 83' lang='lat' dir='ltr'>idoli,</span> <span class='ocrx_word' id='word_1_29' title='bbox 1465 448 1557 496; x_wconf 85' lang='lat' dir='ltr'>iam</span> <span class='ocrx_word' id='word_1_30' title='bbox 1584 442 1784 504; x_wconf 77' lang='lat' dir='ltr'>inventi,</span> <span class='ocrx_word' id='word_1_31' title='bbox 1800 461 1964 494; x_wconf 88' lang='lat' dir='ltr'>nuncu</span> <span class='ocrx_word' id='word_1_32' title='bbox 1972 461 2085 510; x_wconf 87' lang='lat' dir='ltr'>pan-</span> 
     </span>
     <span class='ocr_line' id='line_1_5' title="bbox 489 511 2083 577; baseline -0.008 -6"><span class='ocrx_word' id='word_1_33' title='bbox 489 523 540 572; x_wconf 83' lang='lat' dir='ltr'>di</span> <span class='ocrx_word' id='word_1_34' title='bbox 562 521 684 570; x_wconf 90' lang='lat' dir='ltr'>sunt.</span> <span class='ocrx_word' id='word_1_35' title='bbox 736 537 761 569; x_wconf 82' lang='lat' dir='ltr'>B</span> <span class='ocrx_word' id='word_1_36' title='bbox 778 538 803 568; x_wconf 74' lang='lat' dir='ltr'>r.</span> <span class='ocrx_word' id='word_1_37' title='bbox 821 536 924 567; x_wconf 75' lang='lat' dir='ltr'>an</span> <span class='ocrx_word' id='word_1_38' title='bbox 941 536 972 565; x_wconf 84' lang='lat' dir='ltr'>v</span> <span class='ocrx_word' id='word_1_39' title='bbox 989 537 1003 565; x_wconf 90' lang='lat'>1</span> <span class='ocrx_word' id='word_1_40' title='bbox 1020 534 1034 565; x_wconf 82' lang='grc' dir='ltr'>ι</span> <span class='ocrx_word' id='word_1_41' title='bbox 1051 557 1063 577; x_wconf 85' lang='grc'><em>,</em></span> <span class='ocrx_word' id='word_1_42' title='bbox 1091 533 1179 565; x_wconf 89' lang='lat' dir='ltr'>nec</span> <span class='ocrx_word' id='word_1_43' title='bbox 1213 532 1313 564; x_wconf 90' lang='lat' dir='ltr'>non</span> <span class='ocrx_word' id='word_1_44' title='bbox 1346 533 1415 563; x_wconf 79' lang='lat' dir='ltr'>LE</span> <span class='ocrx_word' id='word_1_45' title='bbox 1454 534 1490 564; x_wconf 84' lang='lat' dir='ltr'><strong>M</strong></span> <span class='ocrx_word' id='word_1_46' title='bbox 1507 532 1624 563; x_wconf 65' lang='lat' dir='ltr'>ovs</span> <span class='ocrx_word' id='word_1_47' title='bbox 1643 533 1670 562; x_wconf 73' lang='lat' dir='ltr'>r„</span> <span class='ocrx_word' id='word_1_48' title='bbox 1697 511 2083 571; x_wconf 64' lang='lat' dir='ltr'>conieetationes‚</span> 
     </span>
     <span class='ocr_line' id='line_1_6' title="bbox 487 579 2083 653; baseline -0.008 -15"><span class='ocrx_word' id='word_1_49' title='bbox 487 589 624 639; x_wconf 84' lang='lat' dir='ltr'>tertio</span> <span class='ocrx_word' id='word_1_50' title='bbox 650 598 920 653; x_wconf 86' lang='lat' dir='ltr'>quartoque</span> <span class='ocrx_word' id='word_1_51' title='bbox 953 587 1054 632; x_wconf 86' lang='lat' dir='ltr'>loco</span> <span class='ocrx_word' id='word_1_52' title='bbox 1082 600 1108 631; x_wconf 84' lang='lat' dir='ltr'>a</span> <span class='ocrx_word' id='word_1_53' title='bbox 1131 582 1265 632; x_wconf 91' lang='lat' dir='ltr'>nobis</span> <span class='ocrx_word' id='word_1_54' title='bbox 1300 582 1589 648; x_wconf 71' lang='lat' dir='ltr'>propofflae,</span> <span class='ocrx_word' id='word_1_55' title='bbox 1619 598 1713 628; x_wconf 85' lang='lat' dir='ltr'>una</span> <span class='ocrx_word' id='word_1_56' title='bbox 1741 592 1784 629; x_wconf 83' lang='lat' dir='ltr'>et</span> <span class='ocrx_word' id='word_1_57' title='bbox 1813 579 1980 627; x_wconf 82' lang='lat' dir='ltr'>eadem</span> <span class='ocrx_word' id='word_1_58' title='bbox 2016 581 2083 626; x_wconf 82' lang='lat' dir='ltr'>la·</span> 
     </span>
     <span class='ocr_line' id='line_1_7' title="bbox 488 644 2086 711; baseline -0.01 -5"><span class='ocrx_word' id='word_1_59' title='bbox 488 655 655 706; x_wconf 84' lang='lat' dir='ltr'>borant</span> <span class='ocrx_word' id='word_1_60' title='bbox 677 654 964 702; x_wconf 77' lang='lat' dir='ltr'>difficuitate.</span> <span class='ocrx_word' id='word_1_61' title='bbox 1011 651 1121 701; x_wconf 89' lang='lat' dir='ltr'>Sive</span> <span class='ocrx_word' id='word_1_62' title='bbox 1147 649 1276 699; x_wconf 86' lang='lat' dir='ltr'>enirn</span> <span class='ocrx_word' id='word_1_63' title='bbox 1300 665 1436 699; x_wconf 88' lang='lat' dir='ltr'>verae</span> <span class='ocrx_word' id='word_1_64' title='bbox 1453 649 1560 711; x_wconf 85' lang='lat' dir='ltr'>fidei</span> <span class='ocrx_word' id='word_1_65' title='bbox 1584 648 1832 706; x_wconf 72' lang='lat' dir='ltr'>desertores,</span> <span class='ocrx_word' id='word_1_66' title='bbox 1859 644 1957 694; x_wconf 77' lang='lat' dir='ltr'>five</span> <span class='ocrx_word' id='word_1_67' title='bbox 1981 648 2086 692; x_wconf 80' lang='lat' dir='ltr'>hirci</span> 
     </span>
     <span class='ocr_line' id='line_1_8' title="bbox 489 710 2088 778; baseline -0.009 -5"><span class='ocrx_word' id='word_1_68' title='bbox 489 723 851 773; x_wconf 82' lang='lat' dir='ltr'>daemonumve</span> <span class='ocrx_word' id='word_1_69' title='bbox 889 721 1068 766; x_wconf 82' lang='lat' dir='ltr'>cultores</span> <span class='ocrx_word' id='word_1_70' title='bbox 1105 733 1334 767; x_wconf 88' lang='lat' dir='ltr'>vocemus</span> <span class='ocrx_word' id='word_1_71' title='bbox 1372 715 1570 778; x_wconf 85' lang='lat' dir='ltr'>Zabios‚</span> <span class='ocrx_word' id='word_1_72' title='bbox 1607 713 1893 777; x_wconf 23' lang='lat' dir='ltr'>convicium!</span> <span class='ocrx_word' id='word_1_73' title='bbox 1915 710 2088 760; x_wconf 87' lang='lat' dir='ltr'>inferet</span> 
     </span>
     <span class='ocr_line' id='line_1_9' title="bbox 488 777 2087 855; baseline -0.007 -16"><span class='ocrx_word' id='word_1_74' title='bbox 488 801 694 855; x_wconf 85' lang='lat' dir='ltr'>utraque</span> <span class='ocrx_word' id='word_1_75' title='bbox 723 784 991 851; x_wconf 78' lang='lat' dir='ltr'>adpellatiO.</span> <span class='ocrx_word' id='word_1_76' title='bbox 1051 783 1229 850; x_wconf 82' lang='lat' dir='ltr'>Ecquis</span> <span class='ocrx_word' id='word_1_77' title='bbox 1252 799 1361 833; x_wconf 88' lang='lat' dir='ltr'>vero</span> <span class='ocrx_word' id='word_1_78' title='bbox 1389 783 1479 831; x_wconf 90' lang='lat' dir='ltr'>hoc</span> <span class='ocrx_word' id='word_1_79' title='bbox 1499 798 1677 831; x_wconf 86' lang='lat' dir='ltr'>nomen</span> <span class='ocrx_word' id='word_1_80' title='bbox 1695 779 1804 845; x_wconf 72' lang='lat' dir='ltr'>ipfis</span> <span class='ocrx_word' id='word_1_81' title='bbox 1831 777 2087 844; x_wconf 67' lang='lat' dir='ltr'>imposuit?</span> 
     </span>
     <span class='ocr_line' id='line_1_10' title="bbox 488 845 2083 917; baseline -0.009 -10"><span class='ocrx_word' id='word_1_82' title='bbox 488 859 627 907; x_wconf 90' lang='lat' dir='ltr'>Num</span> <span class='ocrx_word' id='word_1_83' title='bbox 663 852 825 903; x_wconf 85' lang='lat' dir='ltr'>Sabaei</span> <span class='ocrx_word' id='word_1_84' title='bbox 859 851 975 917; x_wconf 70' lang='lat' dir='ltr'>ipsi?</span> <span class='ocrx_word' id='word_1_85' title='bbox 1006 850 1057 901; x_wconf 82' lang='lat' dir='ltr'>Id</span> <span class='ocrx_word' id='word_1_86' title='bbox 1080 867 1226 900; x_wconf 88' lang='lat' dir='ltr'>nemo</span> <span class='ocrx_word' id='word_1_87' title='bbox 1258 849 1570 899; x_wconf 84' lang='lat' dir='ltr'>affirmaverit.</span> <span class='ocrx_word' id='word_1_88' title='bbox 1643 850 1769 913; x_wconf 84' lang='lat' dir='ltr'>Ergo</span> <span class='ocrx_word' id='word_1_89' title='bbox 1796 845 1897 904; x_wconf 81' lang='lat' dir='ltr'>atii,</span> <span class='ocrx_word' id='word_1_90' title='bbox 1930 861 1982 893; x_wconf 87' lang='lat' dir='ltr'>ac</span> <span class='ocrx_word' id='word_1_91' title='bbox 2006 846 2083 894; x_wconf 78' lang='lat' dir='ltr'>vel</span> 
     </span>
     <span class='ocr_line' id='line_1_11' title="bbox 491 911 2087 977; baseline -0.009 -4"><span class='ocrx_word' id='word_1_92' title='bbox 491 920 757 977; x_wconf 84' lang='lat' dir='ltr'>coaetanei,</span> <span class='ocrx_word' id='word_1_93' title='bbox 786 918 864 969; x_wconf 90' lang='lat' dir='ltr'>vel</span> <span class='ocrx_word' id='word_1_94' title='bbox 889 918 1182 967; x_wconf 84' lang='lat' dir='ltr'>recentiores.</span> <span class='ocrx_word' id='word_1_95' title='bbox 1253 919 1466 965; x_wconf 80' lang='lat' dir='ltr'>Coaevos</span> <span class='ocrx_word' id='word_1_96' title='bbox 1493 913 1549 961; x_wconf 81' lang='lat' dir='ltr'>ab</span> <span class='ocrx_word' id='word_1_97' title='bbox 1577 914 1669 972; x_wconf 88' lang='lat' dir='ltr'>hoc</span> <span class='ocrx_word' id='word_1_98' title='bbox 1703 912 1899 959; x_wconf 83' lang='lat' dir='ltr'>crimine</span> <span class='ocrx_word' id='word_1_99' title='bbox 1923 911 2087 959; x_wconf 79' lang='lat' dir='ltr'>liberat</span> 
     </span>
     <span class='ocr_line' id='line_1_12' title="bbox 494 976 2087 1049; baseline -0.01 -9"><span class='ocrx_word' id='word_1_100' title='bbox 494 987 688 1040; x_wconf 85' lang='lat' dir='ltr'>Arabica</span> <span class='ocrx_word' id='word_1_101' title='bbox 712 985 878 1049; x_wconf 87' lang='lat' dir='ltr'>lingua</span> <span class='ocrx_word' id='word_1_102' title='bbox 893 983 1052 1042; x_wconf 83' lang='lat' dir='ltr'>(unde</span> <span class='ocrx_word' id='word_1_103' title='bbox 1071 982 1153 1028; x_wconf 83' lang='lat' dir='ltr'>ista</span> <span class='ocrx_word' id='word_1_104' title='bbox 1175 981 1318 1044; x_wconf 83' lang='lat' dir='ltr'>petita</span> <span class='ocrx_word' id='word_1_105' title='bbox 1344 980 1411 1027; x_wconf 87' lang='lat' dir='ltr'>est</span> <span class='ocrx_word' id='word_1_106' title='bbox 1432 976 1748 1042; x_wconf 76' lang='lat' dir='ltr'>etymologia)</span> <span class='ocrx_word' id='word_1_107' title='bbox 1777 992 1932 1041; x_wconf 87' lang='lat' dir='ltr'>quum</span> <span class='ocrx_word' id='word_1_108' title='bbox 1948 977 2087 1025; x_wconf 78' lang='lat' dir='ltr'>Chai-</span> 
     </span>
     <span class='ocr_line' id='line_1_13' title="bbox 490 1042 2085 1117; baseline -0.006 -14"><span class='ocrx_word' id='word_1_109' title='bbox 490 1054 627 1106; x_wconf 83' lang='lat' dir='ltr'>daico</span> <span class='ocrx_word' id='word_1_110' title='bbox 659 1049 816 1117; x_wconf 87' lang='lat' dir='ltr'>potius</span> <span class='ocrx_word' id='word_1_111' title='bbox 841 1047 1038 1097; x_wconf 90' lang='lat' dir='ltr'>nomine</span> <span class='ocrx_word' id='word_1_112' title='bbox 1069 1045 1276 1097; x_wconf 86' lang='lat' dir='ltr'>vocandi</span> <span class='ocrx_word' id='word_1_113' title='bbox 1308 1043 1498 1093; x_wconf 78' lang='lat' dir='ltr'>fuiss&#39;ent</span> <span class='ocrx_word' id='word_1_114' title='bbox 1520 1043 1741 1092; x_wconf 86' lang='lat' dir='ltr'>homines</span> <span class='ocrx_word' id='word_1_115' title='bbox 1770 1043 1862 1102; x_wconf 74' lang='lat' dir='ltr'>iili,</span> <span class='ocrx_word' id='word_1_116' title='bbox 1889 1042 2085 1110; x_wconf 82' lang='lat' dir='ltr'>ipsaque</span> 
     </span>
     <span class='ocr_line' id='line_1_14' title="bbox 490 1109 2085 1180; baseline -0.005 -11"><span class='ocrx_word' id='word_1_117' title='bbox 490 1118 846 1174; x_wconf 77' lang='lat' dir='ltr'>Chaldaeorum</span> <span class='ocrx_word' id='word_1_118' title='bbox 871 1114 1039 1180; x_wconf 88' lang='lat' dir='ltr'>lingua</span> <span class='ocrx_word' id='word_1_119' title='bbox 1065 1122 1174 1163; x_wconf 90' lang='lat' dir='ltr'>ante</span> <span class='ocrx_word' id='word_1_120' title='bbox 1200 1110 1448 1162; x_wconf 86' lang='lat' dir='ltr'>Arabicam</span> <span class='ocrx_word' id='word_1_121' title='bbox 1481 1111 1531 1159; x_wconf 86' lang='lat' dir='ltr'>in</span> <span class='ocrx_word' id='word_1_122' title='bbox 1553 1109 1665 1160; x_wconf 89' lang='lat' dir='ltr'>orbe</span> <span class='ocrx_word' id='word_1_123' title='bbox 1692 1109 1847 1159; x_wconf 83' lang='lat' dir='ltr'>fuerit.</span> <span class='ocrx_word' id='word_1_124' title='bbox 1917 1112 2085 1162; x_wconf 83' lang='lat' dir='ltr'>Aetate</span> 
     </span>
     <span class='ocr_line' id='line_1_15' title="bbox 490 1175 2087 1246; baseline -0.008 -6"><span class='ocrx_word' id='word_1_125' title='bbox 490 1190 703 1240; x_wconf 80' lang='lat' dir='ltr'>multum</span> <span class='ocrx_word' id='word_1_126' title='bbox 729 1180 1067 1234; x_wconf 86' lang='lat' dir='ltr'>recentioribus</span> <span class='ocrx_word' id='word_1_127' title='bbox 1089 1179 1125 1228; x_wconf 87' lang='lat' dir='ltr'><strong>fi</strong></span> <span class='ocrx_word' id='word_1_128' title='bbox 1150 1179 1256 1246; x_wconf 86' lang='lat' dir='ltr'>quis</span> <span class='ocrx_word' id='word_1_129' title='bbox 1283 1177 1331 1227; x_wconf 91' lang='lat' dir='ltr'>id</span> <span class='ocrx_word' id='word_1_130' title='bbox 1359 1176 1553 1237; x_wconf 86' lang='lat' dir='ltr'>tribuat,</span> <span class='ocrx_word' id='word_1_131' title='bbox 1575 1193 1700 1244; x_wconf 86' lang='lat' dir='ltr'>quae</span> <span class='ocrx_word' id='word_1_132' title='bbox 1723 1175 1874 1226; x_wconf 81' lang='lat' dir='ltr'>cauffa</span> <span class='ocrx_word' id='word_1_133' title='bbox 1905 1176 2008 1237; x_wconf 86' lang='lat' dir='ltr'>fuit,</span> <span class='ocrx_word' id='word_1_134' title='bbox 2034 1189 2087 1228; x_wconf 88' lang='lat' dir='ltr'>ut</span> 
     </span>
     <span class='ocr_line' id='line_1_16' title="bbox 492 1243 2088 1311; baseline -0.008 -5"><span class='ocrx_word' id='word_1_135' title='bbox 492 1274 519 1305; x_wconf 84' lang='lat' dir='ltr'>a</span> <span class='ocrx_word' id='word_1_136' title='bbox 540 1253 740 1305; x_wconf 88' lang='lat' dir='ltr'>minima</span> <span class='ocrx_word' id='word_1_137' title='bbox 767 1249 1055 1299; x_wconf 80' lang='lat' dir='ltr'>Sabaeorum</span> <span class='ocrx_word' id='word_1_138' title='bbox 1080 1244 1369 1296; x_wconf 87' lang='lat' dir='ltr'>idololatriae</span> <span class='ocrx_word' id='word_1_139' title='bbox 1397 1256 1527 1311; x_wconf 80' lang='lat' dir='ltr'>parte</span> <span class='ocrx_word' id='word_1_140' title='bbox 1544 1285 1555 1305; x_wconf 91' lang='lat'>,</span> <span class='ocrx_word' id='word_1_141' title='bbox 1585 1244 1699 1293; x_wconf 86' lang='lat' dir='ltr'>hirci</span> <span class='ocrx_word' id='word_1_142' title='bbox 1737 1247 1869 1293; x_wconf 83' lang='lat' dir='ltr'>cultu</span> <span class='ocrx_word' id='word_1_143' title='bbox 1894 1243 2088 1311; x_wconf 75' lang='lat' dir='ltr'>(neque</span> 
     </span>
     <span class='ocr_line' id='line_1_17' title="bbox 490 1311 2087 1374; baseline -0.009 -1"><span class='ocrx_word' id='word_1_144' title='bbox 490 1322 622 1374; x_wconf 86' lang='lat' dir='ltr'>enim</span> <span class='ocrx_word' id='word_1_145' title='bbox 645 1319 886 1368; x_wconf 88' lang='lat' dir='ltr'>immunes</span> <span class='ocrx_word' id='word_1_146' title='bbox 915 1314 971 1364; x_wconf 90' lang='lat' dir='ltr'>ab</span> <span class='ocrx_word' id='word_1_147' title='bbox 1003 1330 1058 1363; x_wconf 87' lang='lat' dir='ltr'>eo</span> <span class='ocrx_word' id='word_1_148' title='bbox 1083 1313 1307 1371; x_wconf 82' lang='lat' dir='ltr'>fuerunt,</span> <span class='ocrx_word' id='word_1_149' title='bbox 1335 1312 1537 1362; x_wconf 81' lang='lat' dir='ltr'>docente</span> <span class='ocrx_word' id='word_1_150' title='bbox 1561 1330 1645 1360; x_wconf 81' lang='lat' dir='ltr'>MA</span> <span class='ocrx_word' id='word_1_151' title='bbox 1663 1332 1675 1358; x_wconf 83' lang='lat'>1</span> <span class='ocrx_word' id='word_1_152' title='bbox 1692 1331 1727 1360; x_wconf 84' lang='lat' dir='ltr'><strong>M</strong></span> <span class='ocrx_word' id='word_1_153' title='bbox 1745 1328 1769 1360; x_wconf 92' lang='grc' dir='ltr'>ο</span> <span class='ocrx_word' id='word_1_154' title='bbox 1787 1327 1935 1360; x_wconf 65' lang='lat' dir='ltr'>Nina</span> <span class='ocrx_word' id='word_1_155' title='bbox 1963 1311 2087 1372; x_wconf 76' lang='lat' dir='ltr'>Mvr&#39;e</span> 
     </span>
     <span class='ocr_line' id='line_1_18' title="bbox 493 1371 2107 1446; baseline -0.006 -8"><span class='ocrx_word' id='word_1_156' title='bbox 493 1389 687 1438; x_wconf 85' lang='lat' dir='ltr'>Neuoch.</span> <span class='ocrx_word' id='word_1_157' title='bbox 713 1387 830 1433; x_wconf 88' lang='lat' dir='ltr'>Part.</span> <span class='ocrx_word' id='word_1_158' title='bbox 863 1384 936 1432; x_wconf 82' lang='grc' dir='ltr'>ΙΙΙ.</span> <span class='ocrx_word' id='word_1_159' title='bbox 973 1397 1074 1446; x_wconf 86' lang='lat' dir='ltr'>cap.</span> <span class='ocrx_word' id='word_1_160' title='bbox 1102 1382 1270 1431; x_wconf 87' lang='lat' dir='ltr'>XLVI.</span> <span class='ocrx_word' id='word_1_161' title='bbox 1309 1379 1414 1444; x_wconf 91' lang='lat' dir='ltr'>post</span> <span class='ocrx_word' id='word_1_162' title='bbox 1441 1378 1581 1438; x_wconf 64' lang='lat' dir='ltr'>init.)</span> <span class='ocrx_word' id='word_1_163' title='bbox 1608 1395 1788 1427; x_wconf 77' lang='lat' dir='ltr'>nomen</span> <span class='ocrx_word' id='word_1_164' title='bbox 1818 1374 2014 1427; x_wconf 69' lang='lat' dir='ltr'>darent?</span> <span class='ocrx_word' id='word_1_165' title='bbox 2043 1371 2107 1430; x_wconf 51' lang='lat' dir='ltr'>et&#39;</span> 
     </span>
     <span class='ocr_line' id='line_1_19' title="bbox 494 1443 2092 1520; baseline -0.006 -15"><span class='ocrx_word' id='word_1_166' title='bbox 494 1455 577 1506; x_wconf 86' lang='lat' dir='ltr'>tali</span> <span class='ocrx_word' id='word_1_167' title='bbox 594 1451 795 1520; x_wconf 90' lang='lat' dir='ltr'>quidem</span> <span class='ocrx_word' id='word_1_168' title='bbox 820 1447 1186 1507; x_wconf 81' lang='lat' dir='ltr'>consuetudine,</span> <span class='ocrx_word' id='word_1_169' title='bbox 1211 1463 1337 1514; x_wconf 86' lang='lat' dir='ltr'>quae</span> <span class='ocrx_word' id='word_1_170' title='bbox 1359 1445 1481 1495; x_wconf 87' lang='lat' dir='ltr'>inter</span> <span class='ocrx_word' id='word_1_171' title='bbox 1511 1461 1677 1495; x_wconf 79' lang='lat' dir='ltr'>omnes</span> <span class='ocrx_word' id='word_1_172' title='bbox 1703 1443 1873 1494; x_wconf 70' lang='lat' dir='ltr'>Zabios</span> <span class='ocrx_word' id='word_1_173' title='bbox 1903 1457 2092 1511; x_wconf 85' lang='lat' dir='ltr'>recepta</span> 
     </span>
     <span class='ocr_line' id='line_1_20' title="bbox 494 1510 2089 1580; baseline -0.007 -8"><span class='ocrx_word' id='word_1_174' title='bbox 494 1521 630 1572; x_wconf 82' lang='lat' dir='ltr'>haud</span> <span class='ocrx_word' id='word_1_175' title='bbox 654 1518 822 1570; x_wconf 85' lang='lat' dir='ltr'>fuerat.</span> <span class='ocrx_word' id='word_1_176' title='bbox 878 1518 1019 1575; x_wconf 81' lang='lat' dir='ltr'>Nam,</span> <span class='ocrx_word' id='word_1_177' title='bbox 1039 1525 1092 1563; x_wconf 90' lang='lat' dir='ltr'>ut</span> <span class='ocrx_word' id='word_1_178' title='bbox 1118 1517 1457 1580; x_wconf 80' lang='lat' dir='ltr'>perplexorum</span> <span class='ocrx_word' id='word_1_179' title='bbox 1480 1513 1558 1562; x_wconf 88' lang='lat' dir='ltr'>ille</span> <span class='ocrx_word' id='word_1_180' title='bbox 1585 1510 1755 1563; x_wconf 60' lang='lat' dir='ltr'>doetor</span> <span class='ocrx_word' id='word_1_181' title='bbox 1777 1511 1840 1559; x_wconf 88' lang='lat' dir='ltr'>ait</span> <span class='ocrx_word' id='word_1_182' title='bbox 1867 1528 1946 1561; x_wconf 88' lang='lat' dir='ltr'>ore</span> <span class='ocrx_word' id='word_1_183' title='bbox 1965 1513 2089 1561; x_wconf 86' lang='lat' dir='ltr'>Bux-</span> 
     </span>
     <span class='ocr_line' id='line_1_21' title="bbox 491 1579 2089 1646; baseline -0.01 -5"><span class='ocrx_word' id='word_1_184' title='bbox 491 1588 722 1642; x_wconf 80' lang='lat' dir='ltr'>torfiano:</span> <span class='ocrx_word' id='word_1_185' title='bbox 756 1587 829 1634; x_wconf 86' lang='lat' dir='ltr'>Ex</span> <span class='ocrx_word' id='word_1_186' title='bbox 855 1585 1004 1632; x_wconf 84' lang='lat' dir='ltr'>Zahiis</span> <span class='ocrx_word' id='word_1_187' title='bbox 1029 1583 1201 1646; x_wconf 84' lang='lat' dir='ltr'>quidam</span> <span class='ocrx_word' id='word_1_188' title='bbox 1228 1582 1436 1644; x_wconf 80' lang='lat' dir='ltr'>fuerunt,</span> <span class='ocrx_word' id='word_1_189' title='bbox 1464 1587 1538 1644; x_wconf 84' lang='lat' dir='ltr'>qui</span> <span class='ocrx_word' id='word_1_190' title='bbox 1570 1579 1790 1634; x_wconf 80' lang='lat' dir='ltr'>daemones</span> <span class='ocrx_word' id='word_1_191' title='bbox 1810 1579 2020 1637; x_wconf 78' lang='lat' dir='ltr'>colebant,</span> <span class='ocrx_word' id='word_1_192' title='bbox 2048 1595 2089 1626; x_wconf 78' lang='lat' dir='ltr'>et</span> 
     </span>
     <span class='ocr_line' id='line_1_22' title="bbox 492 1643 2087 1721; baseline -0.008 -16"><span class='ocrx_word' id='word_1_193' title='bbox 492 1655 794 1721; x_wconf 60' lang='lat' dir='ltr'>exstimabant,</span> <span class='ocrx_word' id='word_1_194' title='bbox 818 1649 1128 1714; x_wconf 85' lang='lat' dir='ltr'>quodformam</span> <span class='ocrx_word' id='word_1_195' title='bbox 1150 1651 1358 1692; x_wconf 85' lang='lat' dir='ltr'>hircorum</span> <span class='ocrx_word' id='word_1_196' title='bbox 1379 1648 1571 1692; x_wconf 73' lang='lat' dir='ltr'>habeant.</span> <span class='ocrx_word' id='word_1_197' title='bbox 1641 1644 1788 1710; x_wconf 74' lang='lat' dir='ltr'>Quod</span> <span class='ocrx_word' id='word_1_198' title='bbox 1817 1643 1851 1692; x_wconf 81' lang='lat' dir='ltr'>fi</span> <span class='ocrx_word' id='word_1_199' title='bbox 1880 1644 2087 1693; x_wconf 86' lang='lat' dir='ltr'>eiusmo-</span> 
     </span>
     <span class='ocr_line' id='line_1_23' title="bbox 494 1709 2086 1775; baseline -0.011 -1"><span class='ocrx_word' id='word_1_200' title='bbox 494 1723 545 1774; x_wconf 89' lang='lat' dir='ltr'>di</span> <span class='ocrx_word' id='word_1_201' title='bbox 570 1717 923 1772; x_wconf 82' lang='lat' dir='ltr'>derivationum</span> <span class='ocrx_word' id='word_1_202' title='bbox 960 1711 1088 1762; x_wconf 88' lang='lat' dir='ltr'>lusus</span> <span class='ocrx_word' id='word_1_203' title='bbox 1112 1710 1357 1761; x_wconf 80' lang='lat' dir='ltr'>instituere</span> <span class='ocrx_word' id='word_1_204' title='bbox 1386 1710 1524 1768; x_wconf 83' lang='lat' dir='ltr'>hbet,</span> <span class='ocrx_word' id='word_1_205' title='bbox 1562 1727 1586 1757; x_wconf 85' lang='lat' dir='ltr'>a</span> <span class='ocrx_word' id='word_1_206' title='bbox 1607 1713 1711 1775; x_wconf 60' lang='grc' dir='ltr'>Πέἒξ</span> <span class='ocrx_word' id='word_1_207' title='bbox 1747 1721 1793 1758; x_wconf 86' lang='lat' dir='ltr'>et</span> <span class='ocrx_word' id='word_1_208' title='bbox 1818 1712 1914 1770; x_wconf 85' lang='lat' dir='ltr'>Syr.</span> <span class='ocrx_word' id='word_1_209' title='bbox 1945 1709 2086 1773; x_wconf 66' lang='grc' dir='ltr'>ἹΤεύο,</span> 
     </span>
     <span class='ocr_line' id='line_1_24' title="bbox 494 1772 2087 1855; baseline -0.007 -16"><span class='ocrx_word' id='word_1_210' title='bbox 494 1800 640 1855; x_wconf 85' lang='lat' dir='ltr'>atque</span> <span class='ocrx_word' id='word_1_211' title='bbox 666 1783 801 1837; x_wconf 83' lang='lat' dir='ltr'>Arab.</span> <span class='ocrx_word' id='word_1_212' title='bbox 833 1778 993 1842; x_wconf 86' lang='lat' dir='ltr'><em>Tsaba,</em></span> <span class='ocrx_word' id='word_1_213' title='bbox 1013 1796 1167 1836; x_wconf 83' lang='lat' dir='ltr'>amare,</span> <span class='ocrx_word' id='word_1_214' title='bbox 1194 1795 1277 1827; x_wconf 86' lang='lat' dir='ltr'>cur</span> <span class='ocrx_word' id='word_1_215' title='bbox 1302 1794 1402 1825; x_wconf 90' lang='lat' dir='ltr'>non</span> <span class='ocrx_word' id='word_1_216' title='bbox 1427 1788 1509 1826; x_wconf 89' lang='lat' dir='ltr'>aut</span> <span class='ocrx_word' id='word_1_217' title='bbox 1531 1772 1765 1825; x_wconf 77' lang='lat' dir='ltr'>novarum</span> <span class='ocrx_word' id='word_1_218' title='bbox 1792 1792 1964 1837; x_wconf 86' lang='lat' dir='ltr'>rerum,</span> <span class='ocrx_word' id='word_1_219' title='bbox 2004 1788 2087 1828; x_wconf 85' lang='lat' dir='ltr'>aut</span> 
     </span>
     <span class='ocr_line' id='line_1_25' title="bbox 490 1841 2089 1917; baseline -0.009 -11"><span class='ocrx_word' id='word_1_220' title='bbox 490 1850 801 1917; x_wconf 82' lang='lat' dir='ltr'>astrologiae,</span> <span class='ocrx_word' id='word_1_221' title='bbox 826 1855 907 1895; x_wconf 87' lang='lat' dir='ltr'>aut</span> <span class='ocrx_word' id='word_1_222' title='bbox 930 1845 1187 1902; x_wconf 87' lang='lat' dir='ltr'>idolorum,</span> <span class='ocrx_word' id='word_1_223' title='bbox 1208 1853 1291 1892; x_wconf 90' lang='lat' dir='ltr'>aut</span> <span class='ocrx_word' id='word_1_224' title='bbox 1316 1843 1507 1892; x_wconf 77' lang='lat' dir='ltr'>alterius</span> <span class='ocrx_word' id='word_1_225' title='bbox 1536 1842 1746 1892; x_wconf 87' lang='lat' dir='ltr'>cuiusvis</span> <span class='ocrx_word' id='word_1_226' title='bbox 1769 1841 1834 1891; x_wconf 88' lang='lat' dir='ltr'>rei</span> <span class='ocrx_word' id='word_1_227' title='bbox 1860 1855 2089 1895; x_wconf 85' lang='lat' dir='ltr'>amatores</span> 
     </span>
     <span class='ocr_line' id='line_1_26' title="bbox 494 1906 2090 1975; baseline -0.008 -1"><span class='ocrx_word' id='word_1_228' title='bbox 494 1916 793 1974; x_wconf 67' lang='lat' dir='ltr'>diceremus?</span> <span class='ocrx_word' id='word_1_229' title='bbox 823 1911 972 1962; x_wconf 85' lang='lat' dir='ltr'>Tanti</span> <span class='ocrx_word' id='word_1_230' title='bbox 992 1911 1085 1971; x_wconf 85' lang='lat' dir='ltr'>est,</span> <span class='ocrx_word' id='word_1_231' title='bbox 1122 1910 1302 1961; x_wconf 86' lang='lat' dir='ltr'>servare</span> <span class='ocrx_word' id='word_1_232' title='bbox 1326 1910 1376 1958; x_wconf 92' lang='lat' dir='ltr'>in</span> <span class='ocrx_word' id='word_1_233' title='bbox 1415 1908 1710 1975; x_wconf 80' lang='lat' dir='ltr'>genealogiis</span> <span class='ocrx_word' id='word_1_234' title='bbox 1748 1906 2090 1961; x_wconf 74' lang='lat' dir='ltr'>vocabulorum</span> 
     </span>
     <span class='ocr_line' id='line_1_27' title="bbox 493 1975 2090 2041; baseline -0.009 0"><span class='ocrx_word' id='word_1_235' title='bbox 493 1984 864 2041; x_wconf 87' lang='lat' dir='ltr'>convenientem</span> <span class='ocrx_word' id='word_1_236' title='bbox 896 1977 1113 2028; x_wconf 87' lang='lat' dir='ltr'>modum.</span> <span class='ocrx_word' id='word_1_237' title='bbox 1170 1992 1577 2026; x_wconf 67' lang='lat' dir='ltr'>PAa-RxciDEM</span> <span class='ocrx_word' id='word_1_238' title='bbox 1612 1975 1659 2024; x_wconf 85' lang='lat' dir='ltr'>et</span> <span class='ocrx_word' id='word_1_239' title='bbox 1696 1991 2090 2027; x_wconf 73' lang='lat' dir='ltr'>ELMAciNVM</span> 
     </span>
     <span class='ocr_line' id='line_1_28' title="bbox 494 2041 2089 2108; baseline -0.01 0"><span class='ocrx_word' id='word_1_240' title='bbox 494 2049 728 2108; x_wconf 73' lang='lat' dir='ltr'>audiviss‘e</span> <span class='ocrx_word' id='word_1_241' title='bbox 752 2058 798 2099; x_wconf 86' lang='lat' dir='ltr'>et</span> <span class='ocrx_word' id='word_1_242' title='bbox 825 2043 1044 2104; x_wconf 74' lang='lat' dir='ltr'>recitasse,</span> <span class='ocrx_word' id='word_1_243' title='bbox 1071 2044 1139 2094; x_wconf 89' lang='lat' dir='ltr'>est</span> <span class='ocrx_word' id='word_1_244' title='bbox 1162 2043 1301 2093; x_wconf 86' lang='lat' dir='ltr'>fimul</span> <span class='ocrx_word' id='word_1_245' title='bbox 1324 2041 1464 2095; x_wconf 83' lang='lat' dir='ltr'>etiam</span> <span class='ocrx_word' id='word_1_246' title='bbox 1496 2041 1738 2100; x_wconf 80' lang='lat' dir='ltr'>refutasse;</span> <span class='ocrx_word' id='word_1_247' title='bbox 1761 2042 1938 2092; x_wconf 85' lang='lat' dir='ltr'>incerta</span> <span class='ocrx_word' id='word_1_248' title='bbox 1964 2043 2089 2104; x_wconf 88' lang='lat' dir='ltr'>sunt,</span> 
     </span>
     <span class='ocr_line' id='line_1_29' title="bbox 497 2107 1652 2191; baseline -0.012 -21"><span class='ocrx_word' id='word_1_249' title='bbox 497 2137 623 2191; x_wconf 82' lang='lat' dir='ltr'>quae</span> <span class='ocrx_word' id='word_1_250' title='bbox 651 2115 924 2187; x_wconf 81' lang='lat' dir='ltr'>proferunt,</span> <span class='ocrx_word' id='word_1_251' title='bbox 949 2111 1158 2171; x_wconf 90' lang='lat' dir='ltr'>obscura,</span> <span class='ocrx_word' id='word_1_252' title='bbox 1184 2110 1335 2160; x_wconf 87' lang='lat' dir='ltr'>immo</span> <span class='ocrx_word' id='word_1_253' title='bbox 1362 2112 1502 2177; x_wconf 83' lang='lat' dir='ltr'>plane</span> <span class='ocrx_word' id='word_1_254' title='bbox 1526 2107 1652 2163; x_wconf 69' lang='lat' dir='ltr'>falsa,</span> 
     </span>
    </p>
   </div>
   <div class='ocr_carea' id='block_1_3' title="bbox 643 2237 2091 2385">
    <p class='ocr_par' dir='ltr' id='par_1_3' title="bbox 643 2237 2091 2385">
     <span class='ocr_line' id='line_1_30' title="bbox 643 2237 2091 2385; baseline -0.006 -11"><span class='ocrx_word' id='word_1_255' title='bbox 643 2321 815 2385; x_wconf 81' lang='lat' dir='ltr'>Restat,</span> <span class='ocrx_word' id='word_1_256' title='bbox 830 2329 885 2371; x_wconf 92' lang='lat' dir='ltr'>ut</span> <span class='ocrx_word' id='word_1_257' title='bbox 904 2319 965 2370; x_wconf 89' lang='lat' dir='ltr'>de</span> <span class='ocrx_word' id='word_1_258' title='bbox 988 2317 1041 2368; x_wconf 88' lang='lat' dir='ltr'>iis</span> <span class='ocrx_word' id='word_1_259' title='bbox 1059 2243 1273 2383; x_wconf 58' lang='lat' dir='ltr'>agam1§1&#39;r‚</span> <span class='ocrx_word' id='word_1_260' title='bbox 1288 2237 1372 2381; x_wconf 57' lang='lat' dir='ltr'>gilii</span> <span class='ocrx_word' id='word_1_261' title='bbox 1387 2312 1584 2364; x_wconf 83' lang='lat' dir='ltr'>Sabaeos</span> <span class='ocrx_word' id='word_1_262' title='bbox 1608 2331 1633 2361; x_wconf 85' lang='lat' dir='ltr'>a</span> <span class='ocrx_word' id='word_1_263' title='bbox 1654 2311 1770 2363; x_wconf 80' lang='lat' dir='ltr'>Saba</span> <span class='ocrx_word' id='word_1_264' title='bbox 1785 2329 1965 2364; x_wconf 87' lang='lat' dir='ltr'>nomen</span> <span class='ocrx_word' id='word_1_265' title='bbox 1979 2331 2091 2376; x_wconf 78' lang='lat' dir='ltr'>cum</span> 
     </span>
    </p>
   </div>
   <div class='ocr_carea' id='block_1_4' title="bbox 503 2380 2190 2460">
    <p class='ocr_par' dir='ltr' id='par_1_4' title="bbox 503 2380 2190 2460">
     <span class='ocr_line' id='line_1_31' title="bbox 503 2380 2190 2460; baseline -0.013 -17"><span class='ocrx_word' id='word_1_266' title='bbox 503 2390 688 2460; x_wconf 87' lang='lat' dir='ltr'>origine</span> <span class='ocrx_word' id='word_1_267' title='bbox 712 2387 895 2440; x_wconf 86' lang='lat' dir='ltr'>duxisse</span> <span class='ocrx_word' id='word_1_268' title='bbox 919 2388 1162 2436; x_wconf 86' lang='lat' dir='ltr'>affirmant.</span> <span class='ocrx_word' id='word_1_269' title='bbox 1231 2383 1308 2442; x_wconf 87' lang='lat' dir='ltr'>Hi,</span> <span class='ocrx_word' id='word_1_270' title='bbox 1334 2381 1366 2430; x_wconf 84' lang='lat' dir='ltr'>fi</span> <span class='ocrx_word' id='word_1_271' title='bbox 1393 2380 1515 2447; x_wconf 86' lang='lat' dir='ltr'>quid</span> <span class='ocrx_word' id='word_1_272' title='bbox 1539 2380 1775 2437; x_wconf 83' lang='lat' dir='ltr'>videmus,</span> <span class='ocrx_word' id='word_1_273' title='bbox 1800 2398 1824 2428; x_wconf 89' lang='lat' dir='ltr'>a</span> <span class='ocrx_word' id='word_1_274' title='bbox 1852 2398 1964 2432; x_wconf 90' lang='lat' dir='ltr'>vero</span> <span class='ocrx_word' id='word_1_275' title='bbox 1989 2399 2092 2432; x_wconf 89' lang='lat' dir='ltr'>non</span> <span class='ocrx_word' id='word_1_276' title='bbox 2173 2420 2190 2423; x_wconf 15' lang='lat'>⁷⁷</span> 
     </span>
    </p>
   </div>
   <div class='ocr_carea' id='block_1_5' title="bbox 500 2447 2091 2590">
    <p class='ocr_par' dir='ltr' id='par_1_5' title="bbox 500 2447 2091 2590">
     <span class='ocr_line' id='line_1_32' title="bbox 500 2447 2090 2526; baseline -0.015 -16"><span class='ocrx_word' id='word_1_277' title='bbox 500 2464 647 2526; x_wconf 83' lang='lat' dir='ltr'>longe</span> <span class='ocrx_word' id='word_1_278' title='bbox 669 2455 861 2513; x_wconf 78' lang='lat' dir='ltr'>absunt3</span> <span class='ocrx_word' id='word_1_279' title='bbox 886 2453 1023 2503; x_wconf 82' lang='lat' dir='ltr'>viam</span> <span class='ocrx_word' id='word_1_280' title='bbox 1038 2451 1145 2501; x_wconf 75' lang='lat' dir='ltr'>sane</span> <span class='ocrx_word' id='word_1_281' title='bbox 1167 2448 1382 2500; x_wconf 82' lang='lat' dir='ltr'>solvendi</span> <span class='ocrx_word' id='word_1_282' title='bbox 1403 2447 1713 2508; x_wconf 77' lang='lat' dir='ltr'>difficultates,</span> <span class='ocrx_word' id='word_1_283' title='bbox 1728 2447 1866 2513; x_wconf 84' lang='lat' dir='ltr'>supra</span> <span class='ocrx_word' id='word_1_284' title='bbox 1885 2465 2090 2498; x_wconf 84' lang='lat' dir='ltr'>comme-</span> 
     </span>
     <span class='ocr_line' id='line_1_33' title="bbox 500 2513 2091 2590; baseline -0.008 -14"><span class='ocrx_word' id='word_1_285' title='bbox 500 2535 711 2584; x_wconf 68' lang='lat' dir='ltr'>morataS,</span> <span class='ocrx_word' id='word_1_286' title='bbox 733 2521 1076 2590; x_wconf 88' lang='lat' dir='ltr'>ingrediuntur</span> <span class='ocrx_word' id='word_1_287' title='bbox 1100 2517 1371 2576; x_wconf 86' lang='lat' dir='ltr'>certiorem,</span> <span class='ocrx_word' id='word_1_288' title='bbox 1411 2516 1471 2565; x_wconf 86' lang='lat' dir='ltr'>ad</span> <span class='ocrx_word' id='word_1_289' title='bbox 1497 2513 1742 2580; x_wconf 82' lang='lat' dir='ltr'>ipfiusque</span> <span class='ocrx_word' id='word_1_290' title='bbox 1779 2516 1943 2580; x_wconf 85' lang='lat' dir='ltr'>populi</span> <span class='ocrx_word' id='word_1_291' title='bbox 1973 2515 2091 2564; x_wconf 85' lang='lat' dir='ltr'>anti-</span> 
     </span>
    </p>
   </div>
   <div class='ocr_carea' id='block_1_6' title="bbox 502 2581 2099 2699">
    <p class='ocr_par' dir='ltr' id='par_1_6' title="bbox 502 2581 2099 2699">
     <span class='ocr_line' id='line_1_34' title="bbox 502 2581 2099 2660; baseline -0.01 -13"><span class='ocrx_word' id='word_1_292' title='bbox 502 2593 734 2660; x_wconf 82' lang='lat' dir='ltr'>quitatem</span> <span class='ocrx_word' id='word_1_293' title='bbox 759 2587 1023 2643; x_wconf 83' lang='lat' dir='ltr'>ascendunt</span> <span class='ocrx_word' id='word_1_294' title='bbox 1046 2584 1266 2653; x_wconf 87' lang='lat' dir='ltr'>propius,</span> <span class='ocrx_word' id='word_1_295' title='bbox 1293 2583 1425 2652; x_wconf 85' lang='lat' dir='ltr'>quia,</span> <span class='ocrx_word' id='word_1_296' title='bbox 1449 2598 1574 2651; x_wconf 85' lang='lat' dir='ltr'>quae</span> <span class='ocrx_word' id='word_1_297' title='bbox 1599 2593 1809 2633; x_wconf 87' lang='lat' dir='ltr'>veterem</span> <span class='ocrx_word' id='word_1_298' title='bbox 1837 2581 1998 2634; x_wconf 85' lang='lat' dir='ltr'>orbem</span> <span class='ocrx_word' id='word_1_299' title='bbox 2026 2583 2099 2632; x_wconf 88' lang='lat' dir='ltr'>in·</span> 
     </span>
     <span class='ocr_line' id='line_1_35' title="bbox 1099 2666 2092 2699; baseline -0.009 9"><span class='ocrx_word' id='word_1_300' title='bbox 1099 2668 1106 2674; x_wconf 83' lang='lat'><strong>·</strong></span> <span class='ocrx_word' id='word_1_301' title='bbox 2014 2666 2092 2699; x_wconf 89' lang='lat' dir='ltr'>eo·</span> 
     </span>
    </p>
   </div>
  </div>
 </body>
</html>
