2258 3089
259 232 262 233 γ
761 174 790 223 Ρ
806 174 841 225 R
860 173 898 224 A
914 172 997 225 EF
1013 173 1053 224 A
1069 174 1115 223 T
1130 177 1146 225 1
1162 174 1226 227 O.
1677 179 1746 230 Χῖ

156 264 268 298 mus
293 245 415 297 veris
436 245 601 312 legum
627 240 904 303 cultoribus,
933 241 981 299 fi,
1010 243 1161 306 qualis
1191 244 1313 292 inter
1331 241 1640 294 Athenienses
1656 246 1743 294 La-

158 331 399 382 conesque
449 310 659 362 conditio
703 313 942 372 μισ-ογυνῶν
1003 308 1173 369 fuerit,
1231 311 1490 359 accuratius
1537 312 1744 375 explice-

156 399 266 433 mus
294 382 559 445 eademque
583 393 725 442 opera
750 376 857 442 ipsis
885 376 1260 442 suppeditemus,
1285 377 1416 427 unde
1446 377 1557 428 iuris
1580 380 1751 428 [loma-

158 450 210 502 ni
235 449 294 498 de
318 447 490 498 eodem
516 455 805 510 argumento
832 444 1000 509 placita
1036 454 1217 509 queant
1254 445 1500 496 illustrare.
1541 447 1593 496 ln
1621 463 1751 512 prae-

157 517 259 567 sens
287 513 484 580 quidem
509 510 821 561 constitutum
862 509 995 560 haud
1019 511 1264 572 habemus,
1293 512 1662 563 Atheniensium
1689 513 1750 564 de

159 582 390 632 caelibatu
422 578 600 629 tabulas
626 577 893 637 recensere,
921 577 1103 645 quippe
1133 595 1252 644 quas
1283 579 1508 629 enodatas
1536 591 1639 629 tum
1669 598 1754 631 ex·

158 647 428 699 hibebimus
455 645 551 694 orbi
580 645 799 703 erudito,
838 661 992 711 quum
1019 648 1409 704 commentarios,
1436 664 1555 713 quos
1581 648 1640 697 de
1668 653 1752 695 He-

83 719 92 720 *
163 718 395 764 braicarum
420 730 461 760 et
487 717 731 761 Atticarum
763 715 897 775 legum
920 719 1214 759 convenientia
1248 714 1500 774 molimur,
1529 715 1753 779 perficere

162 794 222 842 et,
251 798 335 847 pto
362 779 548 846 ingenii
576 779 722 828 nostri
746 778 962 838 modulo,
991 777 1224 844 perfeRas
1259 780 1439 846 publici
1463 781 1574 830 iuris
1600 782 1757 832 licebit

161 849 329 899 facere.
403 850 469 897 De
497 862 553 897 eo
580 845 673 895 solo
702 863 833 895 nunc
861 862 1176 911 exponemus,
1203 864 1328 912 quae
1352 847 1452 897 iura
1478 847 1538 898 de
1564 848 1756 913 nuptia-

164 932 272 966 rum
296 914 509 964 hostibus
533 913 733 963 sanxerit
758 914 995 979 legislator
1013 913 1289 967 Laconicus.
1325 916 1421 965 lam
1446 915 1532 966 diu
1556 917 1757 981 quidem

167 984 406 1047 est,quum
424 981 483 1030 de
502 980 591 1028 hoc
606 979 704 1043 ipso
721 990 1006 1044 argumento
1023 979 1340 1030 disseruerunt
1364 983 1624 1043 duumviri,
1640 983 1762 1034 inter

169 1060 350 1098 veteres
374 1050 574 1097 Graecos
601 1061 912 1109 nequaquam
937 1045 1158 1110 hospites,
1175 1047 1332 1112 et,qui
1357 1048 1406 1096 in
1424 1052 1765 1113 Spartanorum·

165 1130 319 1164 mores
343 1123 486 1178 atque
512 1111 728 1160 instituta
753 1111 860 1160 data
885 1126 1026 1176 opera
1052 1111 1429 1177 inquisiverunt,
1455 1133 1582 1166 Nic.
1615 1134 1645 1167 c
1662 1136 1763 1168 Rae

172 1197 314 1232 orvs
338 1180 428 1243 (u)
452 1187 498 1228 et
535 1194 653 1226 1011.
693 1194 1002 1228 szastvs
1029 1181 1133 1241 (x).
1204 1179 1296 1229 Sed
1320 1180 1372 1229 hi
1397 1198 1497 1230 non
1522 1183 1609 1232 nifi
1635 1195 1767 1234 vete·

167 1262 276 1298 rum
316 1245 573 1296 auctorum
602 1243 761 1304 verba,
787 1243 964 1310 quibus
998 1244 1257 1296 Laconicae
1290 1248 1546 1299 caelibatus
1581 1267 1768 1316 poenae

169 1312 495 1371 recensentur,
519 1312 570 1360 in
592 1310 811 1362 medium
836 1310 1161 1370 adduxerunt,
1187 1313 1389 1365 minime
1416 1315 1596 1367 solliciti
1625 1318 1685 1368 de
1714 1319 1768 1368 il-

169 1381 225 1431 lis
250 1376 634 1438 momentis,fine
651 1395 862 1444 quorum
878 1379 1156 1445 cognitione
1182 1383 1344 1446 paullo
1372 1383 1606 1447 penitiore
1633 1386 1771 1436 istam

171 1449 459 1498 Graecarum
489 1446 832 1512 antiquitatum
870 1448 1148 1511 particulam
1177 1464 1320 1498 nemo
1348 1448 1483 1501 facile
1510 1451 1773 1518 perspiciet.

174 1513 484 1580 Adeo'igitur
507 1530 607 1562 non
629 1529 862 1573 veremur,
888 1529 950 1563 ne
984 1514 1088 1580 post
1111 1516 1375 1568 Homerum
1403 1517 1596 1571 scribere
1613 1520 1772 1571 videa³

173 1598 283 1632 mur
298 1580 508 1640 Iliadem,
523 1579 558 1630 fi
589 1580 714 1631 hanc
729 1580 971 1633 materiam
988 1581 1092 1631 stilo
1109 1583 1269 1632 nostro
1286 1583 1588 1637 instituamus
1605 1604 1775 1655 perpo-

176 1649 285 1709 lire,
309 1657 362 1698 ut
389 1647 574 1713 potius,
602 1657 851 1714 acceptum
877 1647 968 1697 hoc
1003 1647 1103 1699 fore
1130 1650 1353 1712 eruditis,
1381 1652 1431 1702 in
1454 1653 1585 1719 spem
1610 1656 1774 1706 venia·

173 1732 282 1767 mus
308 1714 619 1766 certissimam.
679 1717 749 1762 Ea
773 1724 935 1762 autem
970 1715 1153 1765 ratione
1189 1716 1280 1766 hoc
1304 1717 1568 1784 fungemur
1601 1721 1775 1784 labore,

177 1792 232 1832 ut
258 1781 409 1847 primo
437 1779 497 1829 de
526 1796 582 1830 eo
609 1778 925 1844 dispiciamus,
940 1780 1048 1845 quis
1074 1780 1195 1832 inter
1210 1783 1610 1837 Lacedaemonios
1637 1791 1777 1840 caeli·

180 1849 250 1899 bis
276 1846 548 1913 designatus
576 1845 629 1895 fit
659 1845 883 1907 nomine3
919 1846 1096 1898 deinde
1132 1865 1337 1913 poena,
1379 1851 1430 1902 in
1465 1869 1578 1903 eum
1617 1855 1780 1907 decre·

180 1910 282 1974 μεειε,
317 1914 485 1965 ordine
520 1913 874 1972 recenseamus;
909 1930 1048 1979 porro
1098 1914 1394 1980 indicemus,
1426 1936 1510 1970 cur
1541 1922 1779 1974 dedecore

180 1982 370 2049 potius,
403 1997 551 2047 quam
579 1979 763 2032 mulcta
801 1982 1019 2047 Spartani
1066 1983 1242 2048 punire
1267 1985 1510 2038 voluerint
1545 1991 1781 2042 connubii

180 2058 505 2106 contemtum;
539 2064 592 2098 ac
624 2048 819 2098 tandem
852 2050 969 2100 latae
1003 2048 1151 2101 huius
1180 2051 1298 2119 legis
1330 2053 1533 2121 eiusque
1566 2058 1783 2109 severita-

180 2117 238 2166 tis
278 2117 488 2167 summae
520 2114 694 2168 caussas
723 2132 781 2167 ex
815 2115 1107 2183 reipublicae
1134 2121 1396 2186 Spartanae
1433 2133 1603 2175 natura
1642 2142 1780 2178 erua-

182 2199 304 2236 mus.

899 2250 946 2327 ς.
985 2254 1070 2310 111.

321 2345 374 2394 In
399 2340 742 2392 recentioribus
770 2341 1150 2410 iurisperitorum
1188 2344 1355 2399 scholis
1387 2349 1585 2403 caelibes
1622 2354 1785 2419 appelo

183 2406 253 2459 ari
279 2424 358 2461 eos
387 2408 629 2470 novitiam,
657 2410 742 2477 qui
768 2413 844 2464 uel
873 2428 957 2478 per
995 2413 1145 2464 vitam
1176 2431 1372 2469 omnem
1408 2436 1435 2467 a
1461 2419 1643 2486 nuptiis
1671 2437 1787 2470 con·-

977 2479 1007 2530 b
1037 2496 1064 2532 2
1699 2498 1789 2538 tra·

1368 2565 1547 2574 ‘m

1703 2571 1788 2588 —ae.

215 2556 1433 2644 'sommia
1451 2596 1619 2644 institut·
1632 2611 1657 2643 1.
1672 2609 1710 2645 et
1722 2614 1752 2646 2.

245 2641 317 2696 (x)
345 2639 643 2701 Miscellaneam
662 2642 844 2694 Laconic.
866 2648 932 2694 lib.
947 2648 1011 2694 lll.
1030 2662 1124 2707 cap.
1136 2662 1169 2703 ς.
