2258 3089
473 112 691 163 XXXIV
1050 109 1514 162 PRAEFATIO.

475 197 626 239 mnes,
652 190 696 230 et
726 177 928 244 quidem
958 177 1077 228 iusta
1101 190 1265 239 aetate,
1295 179 1353 229 ad
1383 196 1554 230 uxores
1583 178 1828 235 ducendas
1867 179 2087 230 animum

479 248 790 312 adpellerent.
864 249 968 296 Nec
1007 245 1167 294 minus
1202 247 1370 296 eadem
1409 247 1567 296 tabula
1617 265 1783 298 cavere
1821 250 2004 309 voluit,
2035 259 2090 298 ut

476 314 608 365 bellis
636 312 829 364 internis
855 331 916 363 ne
941 324 1274 363 concuteretur
1299 314 1579 379 respublica,
1595 316 1750 382 iisque
1787 317 1982 366 tandem
2023 320 2090 365 la-

476 381 714 433 befaEtata
756 380 812 430 ab
847 379 1061 429 hostibus
1088 383 1230 447 plane
1267 393 1571 432 everteretur.
1646 383 1789 434 l’robe
1817 401 1993 451 gnarus
2025 388 2090 433 le-

473 468 593 517 gum
615 450 951 499 Laconicarum
972 450 1104 507 lator,
1121 447 1275 497 salutis
1293 448 1512 512 publicae
1541 450 1852 502 firmiffimurn
1878 451 1965 501 esl‘e
1991 452 2105 502 ful--

471 535 606 568 crum
632 515 854 566 libertatis
880 527 923 566 et
949 515 1169 565 fortunae
1195 516 1549 582 aequationem,
1571 531 1615 568 et
1647 519 1696 567 in
1735 519 1977 569 summum
2004 520 2089 569 ad-

474 585 588 635 duci
640 584 907 649 periculum
946 583 1182 643 civitates,
1224 583 1306 632 ubi
1331 602 1354 631 a
1390 583 1639 635 ditioribus
1672 580 1910 652 pauperes
1944 587 2091 642 libere

474 665 739 711 vexantur,
768 650 1037 700 universam
1072 650 1324 701 Laconiam
1353 652 1400 700 in
1427 664 1569 702 certas
1594 656 1914 721 aequalesque
1939 656 2095 708 distri-

474 719 638 770 buerat
657 719 774 769 sorte
787 717 916 777 ³,five
933 718 1192 785 portiones,
1208 736 1413 786 quarum
1431 736 1578 769 unam
1592 720 1790 787 singulis
1806 724 2101 774 dedet-atfa·
2176 748 2192 753 ·

476 787 648 851 miliis,
685 785 926 846 sanciens,
951 798 1003 837 ut
1029 785 1206 853 quibus
1233 787 1444 853 primum
1472 787 1617 838 essent
1642 789 1805 849 datae,
1827 789 1880 839 iis
1903 789 2089 858 semper

476 867 741 914 manerent,
762 871 852 905 nec
880 857 1036 917 plures
1066 854 1124 904 ad
1149 872 1306 904 unum
1334 855 1706 906 devolverentur
1729 859 1847 919 (m).
1899 860 2088 910 l'raevi-

477 922 621 973 dcbet
646 933 824 981 autem,
865 922 895 970 fi
924 921 1152 971 caelibem
1183 939 1324 988 agere
1366 923 1516 970 vitam·
1540 924 1631 971 suis
1659 925 1833 983 liceret,
1865 924 1992 984 fore,
2033 938 2088 977 ut

476 989 687 1039 familiae
717 989 958 1055 quaedam
974 989 1398 1054 exstinguerentur
1427 990 1697 1054 harumque
1724 989 1863 1039 sortes
1893 991 1950 1040 ad
1978 994 2088 1043 alias

476 1058 811 1124 pervenirent,
851 1055 1015 1122 ficque
1042 1057 1128 1105 uni
1158 1055 1299 1105 alicui
1339 1057 1534 1106 tandem
1574 1056 1826 1107 affluerent
1867 1058 2088 1121 divitiae,

475 1142 603 1190 quae
629 1123 687 1174 ad
726 1123 1031 1173 dominium
1069 1123 1337 1189 adspirans,
1375 1126 1611 1173 tumultus
1648 1127 1884 1174 excitaret.
1957 1131 2092 1179 Haec

477 1192 626 1258 igitur
653 1192 888 1241 calamitas
921 1207 982 1240 ne
1024 1207 1244 1258 unquam
1283 1203 1518 1256 premeret
1557 1193 1799 1257 Spartam,
1837 1192 1998 1244 severa
2029 1196 2091 1247 de

477 1258 708 1310 caelibatu
737 1258 978 1327 fugiendo
1006 1258 1164 1310 tabula
1192 1257 1448 1325 prohibere
1474 1258 1765 1310 allaboravit.

1172 1357 1220 1433 ς.
1260 1359 1395 1416 xm.

620 1454 860 1517 Sufficiat,
887 1453 1004 1504 haec
1032 1453 1232 1506 strifiirn
1258 1455 1509 1522 disputasse
1530 1456 1590 1507 de
1617 1457 1873 1508 caelibibus
1890 1453 2088 1507 Laconi-

475 1522 538 1573 cis
584 1523 852 1588 miseraque
890 1538 1059 1572 eorum
1093 1523 1398 1582 conditione3
1440 1541 1566 1590 quae
1598 1525 1786 1591 fingula
1824 1525 2088 1575 dilucidius

476 1590 736 1657 potuissent
775 1589 982 1655 exponi,
1044 1589 1131 1639 nifi
1164 1601 1356 1656 tempus
1390 1593 1512 1641 edax
1551 1608 1710 1641 rerum
1760 1602 2087 1644 monumenta

471 1657 764 1716 abolevisset,
800 1674 857 1706 ex
882 1655 1060 1723 quibus
1085 1658 1274 1721 plenior
1301 1658 1447 1708 huius
1473 1660 1746 1725 argumenti
1782 1662 1950 1711 notitia
1985 1668 2089 1711 erat

474 1725 789 1777 desumenda.
830 1727 970 1790 Qae
995 1724 1125 1789 apud
1156 1736 1349 1784 veteres,
1368 1725 1513 1775 hodie
1540 1726 1926 1791 superstites,hac
1950 1729 2012 1776 de
2036 1742 2086 1777 re

471 1798 705 1859 leguntur
756 1790 995 1856 nobisque
1031 1793 1378 1850 innotuerunt,
1405 1809 1458 1841 ea
1489 1810 1587 1842 non
1614 1811 1671 1842 ex
1699 1796 1865 1843 rivulis
1883 1836 1894 1855 ,
1919 1794 2000 1845 sed
2023 1810 2085 1844 ex

473 1861 581 1928 ipfis
610 1859 776 1909 hausta
801 1857 1016 1907 fontibus
1036 1899 1047 1917 ,
1069 1859 1316 1907 attulimus
1343 1858 1570 1918 fideliter,
1607 1861 1877 1927 eademque
1903 1860 2086 1927 pro'in-

472 1927 654 1998 genioli
684 1925 830 1976 nostri
855 1925 1056 1975 modulo
1092 1926 1484 1976 diiudicavimus.
1555 1929 1883 1979 Commentati
1921 1939 2085 1980 autem

469 2001 588 2048 haec
616 1995 795 2056 furnus,
821 2003 874 2042 ut
900 1992 1132 2043 latisfieret
1161 1994 1363 2044 honesto
1388 1993 1622 2043 defiderio
1646 1995 1732 2046 viri
1761 1998 1963 2047 minime
1988 2013 2084 2046 ma-

473 2067 524 2127 li',
550 2061 841 2128 typographi
863 2060 1002 2124 Iulii,
1036 2060 1152 2127 qui,
1185 2078 1344 2127 quum
1371 2072 1480 2112 ante
1514 2061 1601 2112 hos
1625 2063 1747 2113 duos
1788 2080 1966 2123 annos,
1997 2080 2084 2115 no,

470 2135 564 2183 stro
593 2129 800 2195 consilio*
822 2129 1080 2194 nostraque
1107 2129 1440 2194 qualicunque
1466 2129 1660 2179 adiutus
1692 2147 1850 2196 opera,
1871 2131 2084 2196 primum

470 2200 700 2251 rariorum
731 2196 1074 2262 opusculorum
1095 2197 1155 2246 de
1178 2195 1543 2262 antiquitatibus
1566 2197 1698 2247 sacris
1721 2210 1766 2247 et
1782 2199 1992 2263 profanis
2016 2197 2084 2247 fa÷

467 2269 699 2319 sciculum
724 2265 838 2313 iuris
869 2262 1045 2314 fecisset
1071 2264 1263 2328 publici,
1290 2263 1690 2331 intellexissetque
1715 2265 1856 2314 suum
1890 2266 2080 2315 institu-

470 2348 576 2388 tum
600 2349 700 2382 non
728 2331 980 2398 displicere
1008 2331 1130 2382 veris
1145 2348 1286 2384 verae
1308 2332 1593 2386 eruditionis
1610 2332 1888 2395 cultoribuS‚
1906 2334 2084 2384 ‹ie-tela

1996 2401 2085 2454 hac

522 2519 857 2622 t1n{¹·Yi{l.N1C.
886 2533 1120 2578 CRAGIvs
1144 2525 1194 2569 de
1220 2524 1379 2585 republ.
1402 2524 1641 2572 Lacedacm.
1667 2527 1737 2572 lib.
1758 2527 1822 2569 111.
1848 2524 1928 2570 tab,
1960 2540 1998 2571 2.
2018 2526 2081 2574 in-

632 2593 644 2622 i
663 2593 689 2621 u
710 2606 723 2623 0
736 2593 765 2624 ι,
1427 2593 1430 2596 ·
