2258 3089
540 198 967 254 msSERTATm
1009 199 1093 248 DE
1127 171 1338 250 ZABHS.
1643 214 1700 267 ες

110 301 243 367 quod
270 300 413 351 instar
442 300 582 351 clavis
603 294 803 364 linguae
838 298 985 348 huius
1009 298 1281 366 incognitae
1309 298 1442 357 foret,
1474 297 1574 350 fine
1598 318 1699 369 quo

111 370 338 418 enodatio
364 369 591 429 librorum
617 367 918 416 Sabaicorum
943 370 1040 416 ulia
1065 368 1144 415 vix
1168 366 1364 417 feliciter
1388 366 1572 416 institui
1594 371 1700 433 pos·

96 433 178 493 fit3
211 447 420 485 ceterum
452 434 538 482 tria
573 432 852 499 principalia
890 433 1009 499 legis
1045 433 1266 483 Sabaicae
1298 435 1568 494 volumina,
1595 435 1699 485 Bas·

94 500 193 550 sora
225 500 749 563 Constantinopolitana
778 500 824 550 se
856 501 1000 559 miffa,
1025 516 1156 549 nunc
1188 500 1320 566 apud
1352 500 1474 565 regis
1497 500 1696 552 Christi-

96 567 296 615 aniffimi
327 567 602 632 primarium
631 566 917 627 ministrum,
933 567 1027 618 ioh.
1052 568 1307 632 Baptistatn
1332 567 1692 627 Colbertum,in

96 634 285 683 florenti
309 637 411 684 eius
447 633 745 695 bibliotheca,
770 635 999 698 prostare,
1034 633 1249 700 effeque,
1279 641 1460 699 primum
1493 639 1690 685 volumen

94 717 287 763 magnum
312 697 356 748 {n
370 703 485 762 folio
508 716 686 748 vocatur
711 703 838 749 Sidra
852 703 999 761 Adam,
1015 701 1040 750 i.
1063 717 1107 751 e.
1133 703 1239 748 liber
1264 703 1446 761 Adami,
1472 707 1689 768 protopla-

86 767 201 828 stae:
212 768 443 828 fecundum
458 807 471 828 ‚
495 774 540 816 in
566 784 740 832 quarto,
764 769 891 816 Sidra
913 773 1096 828 Hiahia‚
1130 766 1159 816 i.
1182 783 1224 817 e.
1257 770 1361 815 liber
1381 772 1590 831 Iohannis,
1614 773 1688 818 ba-

85 835 263 896 ptistae:
299 842 472 882 tertium
511 838 716 899 parvum,
762 842 807 882 in
842 835 1015 894 oHavo,
1053 849 1250 882 vocatum
1285 836 1545 899 Coholffieh,
1578 855 1687 884 com·

90 902 372 964 flammam,
415 903 492 962 seu
533 905 823 951 caerimoniale
859 905 961 966 legis
995 903 1262 950 Sabaisarum
1281 940 1295 962 ,
1347 905 1474 965 vulgo
1513 906 1686 968 Chrzflz'-

92 983 265 1014 anorum
304 971 348 1017 S,
387 971 598 1018 Iohannis.

233 1105 278 1157 ὃ.
309 1099 439 1148 XIV.
478 1098 559 1148 His
597 1099 744 1166 igitur
782 1099 841 1150 de
879 1100 1044 1150 notitia
1079 1099 1255 1166 gentis.
1281 1098 1542 1161 Zabianae,
1601 1119 1686 1168 pro

86 1160 271 1228 ingenii
311 1164 539 1227 modulo,
586 1165 786 1216 {trierim
825 1167 1058 1223 tractatis,
1110 1166 1171 1214 de
1217 1166 1415 1214 utilitate
1456 1183 1515 1216 ex
1559 1169 1684 1219 eius·

87 1227 199 1277 dem
266 1229 449 1280 rituum
508 1230 845 1297 indagatione,
904 1249 1004 1281 non
1075 1232 1310 1281 immerito
1386 1232 1680 1298 disquiritur.

89 1297 384 1362 Quanquam
442 1314 554 1346 vero
603 1310 885 1363 praepotens
945 1299 1021 1348 ille
1070 1297 1188 1364 Iegis
1242 1308 1406 1356 autor,
1456 1317 1540 1365 pro
1595 1302 1685 1351 im-

87 1364 248 1424 perit),
317 1365 480 1413 omnia
538 1364 599 1414 de
652 1365 1046 1430 praescriptorum
1108 1364 1437 1415 observatione
1509 1384 1682 1433 propo·

84 1427 226 1478 suerit
274 1431 457 1482 edicta:
506 1448 589 1494 par
632 1441 792 1481 tamen
836 1443 882 1481 et
926 1431 1221 1481 conveniens
1281 1432 1372 1489 est,
1419 1432 1682 1496 hominem,

84 1494 203 1559 legis
248 1496 443 1548 divinae
483 1497 776 1558 studiosum,
834 1497 1010 1547 horum
1062 1497 1402 1563 intelligentias
1453 1499 1516 1549 ita
1563 1517 1680 1551 eno-

83 1559 221 1620 dare,
257 1573 332 1623 ut,
367 1564 502 1630 quod
535 1564 636 1614 eius
674 1564 774 1615 fieri
811 1563 969 1629 possit,
1003 1564 1177 1614 caussas
1214 1581 1266 1614 ac
1302 1564 1506 1617 rationes
1539 1566 1677 1618 inda·

83 1643 195 1691 gare
232 1633 402 1681 valeat³
510 1631 657 1682 Vnde
693 1650 717 1678 a
751 1631 906 1695 priscis
951 1631 1239 1680 Iudaeorum
1279 1630 1567 1694 sapientibus
1604 1635 1673 1685 di-

81 1694 278 1744 scrimen
309 1698 538 1746 statutum
573 1698 641 1744 est
677 1696 797 1744 inter
833 1698 966 1760 ΠἾΡΓΊ
1000 1706 1044 1743 et
1078 1700 1367 1753 ΕΞἭΞΨὩ,
1404 1698 1466 1746 de
1496 1700 1672 1763 quibus
1748 1733 1750 1735 >

83 1762 197 1809 Lev.
243 1764 448 1812 XVIII.
499 1776 533 1820 5.
588 1763 736 1810 XIX.
781 1778 852 1822 37.
956 1764 1180 1826 Namque
1227 1763 1384 1808 iudicia
1437 1763 1527 1813 effe
1577 1767 1670 1827 ilia,

82 1842 291 1892 quorum
326 1828 395 1878 est
426 1836 585 1892 aperta
616 1828 758 1887 ratio,
797 1843 1105 1892 quorumque
1137 1825 1511 1878 observationem
1545 1844 1675 1895 patet

83 1892 225 1951 etiarn
252 1893 303 1942 in
337 1895 427 1943 hac
452 1894 546 1943 vita
581 1895 750 1943 utilem
787 1892 902 1953 effe,
940 1892 1102 1959 qualia
1137 1892 1243 1941 sunt
1280 1892 1389 1956 ilia,
1423 1894 1485 1945 de
1522 1909 1672 1962 rapto,

83 1960 251 2020 caede,
287 1960 458 2025 pietate
498 1977 610 2025 erga
652 1971 896 2025 parentes:
924 1973 1143 2024 praecepta
1188 1968 1349 2009 autem
1394 1960 1507 2021 effe,
1550 1981 1671 2029 quo·

80 2042 188 2074 rum
240 2043 340 2076 non
386 2028 453 2077 est
497 2025 689 2093 cognita
722 2026 864 2084 rati0‚
908 2027 1066 2091 qualia
1115 2024 1244 2085 sunt,
1288 2042 1414 2091 quae
1448 2027 1672 2081 sanciun-

82 2103 159 2141 tur
214 2093 274 2142 de
311 2093 623 2144 *vestimentis
678 2092 1042 2158 heterogeneis,
1109 2091 1171 2142 de
1225 2108 1364 2142 carne
1420 2104 1466 2144 et
1518 2096 1668 2158 laete,

83 2158 145 2207 de
202 2159 349 2208 vitula
401 2160 707 2219 decollanda‚
768 2160 829 2209 de
875 2158 1069 2208 diversis
1126 2158 1412 2218 seminibus3
1458 2179 1668 2226 quorum

80 2223 381 2290 fingulorum
436 2227 634 2287 caussas,
669 2225 901 2275 beneficio
940 2225 1216 2291 linguarum
1252 2225 1485 2277 adfinium
1529 2240 1574 2279 et
1608 2232 1668 2280 ri-

77 2299 218 2340 tuum
262 2292 571 2358 antiquorum
614 2302 661 2342 et
693 2292 1015 2357 sepultorum,
1069 2290 1156 2340 viri
1190 2289 1322 2341 docti
1357 2292 1587 2361 indagere
1623 2306 1670 2348 ei

82 2373 246 2408 eruere
304 2359 413 2409 sunt
480 2359 699 2410 conatis
774 2363 882 2425 Ego
942 2357 1146 2422 proinde
1217 2357 1697 2413 dissertatiunculam*

80 2424 204 2473 hanc
283 2426 448 2490 magni
514 2427 638 2475 illius
698 2441 1104 2476 MAlMoNinls
1166 2426 1483 2489 pronunciato
1543 2428 1665 2478 obfi-

79 2507 204 2557 gno,
273 2493 405 2557 quod
465 2492 665 2541 habetur
727 2492 776 2540 in
837 2491 1001 2540 maiori
1057 2489 1159 2539 eius
1217 2508 1361 2553 opere
1417 2494 1498 2540 lad
1553 2498 1663 2542 Chaa

76 2560 196 2620 saka,
231 2562 405 2608 Hilchoc
447 2562 645 2619 Meilah,
695 2557 792 2608 five
837 2557 897 2607 de
937 2558 1148 2618 sacrorum
1197 2558 1345 2618 abusu,
1388 2573 1488 2624 cap.
1532 2560 1666 2613 VIII,

928 2623 950 2673 1
1553 2634 1588 2684 ὃ.
1623 2639 1662 2682 8·
